2856 4904
594 160 817 225 ..30-

122 343 320 427 posteriorem
346 341 511 424 producere
537 358 599 403 non
625 341 664 401 ita
692 339 799 402 falsum
825 345 881 401 est.
897 370 940 383 -
962 336 1065 419 Neque
1086 337 1189 400 minus
1211 341 1290 398 reete

123 437 191 512 pest
211 448 255 492 am
277 437 307 491 et
328 436 398 510 post
417 427 505 491 verbu
526 444 616 509 quam
639 432 708 507 post
728 445 747 487 o
769 425 896 487 litteram
919 422 1020 486 hiatur
1041 423 1126 487 Cure.
1147 423 1173 494 l,
1189 419 1219 494 3,
1235 420 1290 484 bd:

123 516 238 598 quoodo
259 530 308 594 cpe
331 524 356 577 tc
377 511 555 577 21212121)-
576 512 630 573 Ilm
658 516 727 574 istoc
754 510 840 573 verbe
866 510 1020 572 vindictam
1045 527 1135 590 pcru3
1163 507 1246 570 Pers.
1262 505 1291 580 2,

124 600 154 674 2,
169 600 226 664 68:
249 603 307 662 otei
324 601 448 681 fortusse
470 599 576 664 blundo
589 597 686 661 uerbo
702 628 745 641 -
760 596 826 658 Ali:
850 606 876 658 ct
897 612 945 677 epo
968 595 1075 658 211222.
1096 630 1139 641 -
1160 591 1293 657 Ambulu,

124 721 168 735 -
189 686 301 749 Dubius
328 705 392 748 esse
423 692 534 766 potest,
562 684 631 764 quia
651 683 720 745 illoc
747 700 815 744 cum
841 680 982 743 Muellcro
1011 681 1152 743 asciscere
1182 680 1293 741 nullam

125 772 215 834 hebet
237 771 458 834 difficultatem:
481 773 563 851 (lapt.
580 770 610 845 2,
625 767 655 843 2,
674 769 747 830 104:
769 769 842 830 2221
862 768 909 829 dos
929 784 982 847 pre
996 764 1072 829 ello?
1091 763 1096 848 Ι
1115 800 1157 810 -
1174 765 1295 848 Optume

125 862 252 921 122222..
275 891 316 904 --
340 857 520 920 Eximendos
550 875 618 918 vero
647 862 694 916 est
715 855 751 916 de
774 854 830 915 hoc
853 871 979 914 numero
1003 873 1029 913 v.
1051 851 1137 913 Most.
1150 854 1180 924 4,
1197 852 1228 922 2,
1243 851 1294 926 61.

211 943 303 1005 Porro
325 943 384 1004 huc
405 950 519 1024 spectat
541 941 711 1004 octonarius
726 939 870 1001 iambicus
893 938 977 1020 Epid.
997 940 1024 1010 1,
1045 940 1070 1012 1,
1087 938 1143 999 61:
1164 941 1250 1016 potin
1263 947 1296 998 ut

125 1029 258 1091 metron
279 1047 314 1090 22
336 1025 396 1090 sisi)
417 1065 460 1074 -
480 1029 562 1091 Abeo.
584 1024 650 1110 1-
671 1025 774 1100 ddsto3
802 1025 881 1087 ubire
905 1024 969 1087 bine
996 1042 1057 1086 non
1076 1027 1185 1098 sinum
1209 1032 1297 1105 atque

129 1133 196 1176 meo
218 1113 326 1176 iudicio
348 1115 516 1178 octonarius
538 1113 703 1175 trochaicus
726 1112 808 1173 Pers.
835 1112 863 1184 1,
886 1111 913 1182 1,
936 1110 990 1172 15:
1018 1114 1105 1172 iscst
1130 1104 1297 1191 prosectu}

128 1235 169 1246 —
191 1200 266 1261 llum
287 1217 345 1261 esse
366 1204 478 1282 221222.
502 1235 544 1246 -
568 1197 754 1279 desperetur.
778 1231 819 1242 -
844 1194 951 1258 022222
972 1195 1152 1277 adpredsbur.

216 1374 252 1436 Ut
274 1375 328 1436 hos
349 1375 430 1437 locos
451 1374 600 1455 paulisper
614 1371 897 1454 praetermittamus:
921 1377 1034 1433 restant
1052 1370 1129 1433 haud
1146 1370 1186 1431 ita
1202 1369 1298 1451 pauci,

130 1461 237 1544 quibus
259 1460 309 1522 tali
333 1461 421 1522 modo
444 1479 506 1522 non
529 1460 718 1540 opitulemur.

214 1545 311 1627 Atque
332 1553 366 1608 nt
389 1565 405 1609 a
427 1545 544 1608 senario
573 1544 699 1606 iambico
721 1542 865 1613 exordiar,
888 1542 919 1603 in
947 1542 1037 1604 altera
1061 1542 1129 1605 sede
1159 1541 1205 1602 his
1229 1539 1301 1602 louis

130 1631 245 1693 hiatum
256 1631 437 1694 invenimus:
450 1632 506 1712 (1.)
518 1631 582 1694 hul.
595 1631 625 1702 4,
637 1630 666 1705 7,
684 1629 736 1691 19:
753 1629 799 1693 ido
813 1631 897 1700 detre,
917 1624 922 1711 Ι
941 1627 993 1691 ubi
1006 1629 1040 1690 dc
1055 1631 1142 1708 capite
1157 1645 1220 1689 mco
1235 1634 1304 1688 sunt

131 1720 257 1792 comitia
289 1717 479 1789 Ritschelius‚
508 1717 558 1798 qui
587 1715 758 1778 adverbium
786 1714 838 1777 uhi
866 1732 920 1796 pro
948 1713 1045 1776 iambo
1072 1714 1146 1794 pede
1167 1710 1303 1794 positum

132 1803 238 1864 merito
254 1803 413 1881 dissuadet,
437 1812 488 1865 aut
503 1801 667 1864 secundum
684 1820 717 1863 ea
732 1800 854 1882 quaein
869 1799 958 1861 Nouis
973 1800 1147 1862 excursibus
1165 1801 1193 1872 1,
1206 1795 1245 1859 81
1257 1814 1303 1878 sq.

133 1888 276 1968 exposuit,
299 1889 397 1950 introd
417 1888 545 1950 scribere
567 1895 618 1950 aut
639 1887 765 1967 priscam
790 1886 917 1948 formam
941 1886 1005 1948 culi
1030 1886 1087 1946 hcc
1115 1885 1196 1956 loco,
1240 1884 1305 1945 aliis

132 1972 223 2035 eunde
244 1991 346 2054 rusque
367 1992 520 2054 compsam
541 1982 709 2053 castrumque
736 1973 874 2053 condique
902 1973 932 2032 in
962 1972 1056 2033 Plauti
1080 1971 1191 2032 fabulas
1215 1969 1305 2031 indu-

133 2078 199 2120 cere
223 2056 326 2136 vult¹).
371 2062 408 2120 ht
429 2059 477 2120 illa
500 2059 596 2120 forma
617 2058 714 2121 introd
735 2058 814 2120 nulla
843 2065 896 2119 est.
942 2057 1058 2118 Alteras
1080 2067 1179 2118 autem
1203 2056 1306 2136 priore

134 2152 229 2206 aetate
257 2143 415 2224 aliquando
443 2163 498 2207 usu
528 2153 663 2225 receptas
691 2144 784 2206 luisse
810 2143 929 2205 iunctae
965 2162 1049 2206 voces
1078 2142 1186 2204 alicubi
1214 2139 1310 2204 sicubi

132 2229 271 2292 22222222·
290 2229 363 2291 aliae
389 2230 595 2311 comprobant.
647 2231 705 2293 Sed
733 2238 767 2292 ut
794 2229 940 2310 simplices
969 2230 1035 2291 cudi
1060 2237 1236 2309 ceteraeque
1269 2227 1322 2290 ad'

134 2315 229 2378 Plauti
252 2323 386 2396 tempora
409 2317 574 2380 manserint
595 2317 665 2379 iude
682 2317 804 2379 minime
827 2333 1015 2395 consequens
1039 2326 1094 2376 est.
1125 2314 1220 2376 lmmo
1237 2332 1309 2376 cum

135 2420 195 2464 uno
217 2400 385 2464 Trinummi
408 2420 495 2466 versu
517 2402 548 2474 4,
564 2403 594 2475 2,
610 2400 660 2473 89,
684 2402 734 2464 221
761 2402 794 2464 in
822 2401 928 2462 Vetere
957 2409 1002 2463 est
1031 2405 1089 2462 222
1116 2399 1170 2463 illu
1196 2399 1312 2462 cubitus

132 2491 268 2570 plenitur,
292 2487 365 2549 nihil
387 2487 582 2567 evincatur²)‚
605 2486 756 2550 Ritsehelii
778 2486 996 2566 argumentatio
1018 2488 1090 2548 mihi
1106 2484 1228 2566 probata
1246 2502 1312 2547 non

135 2583 188 2635 est
233 2572 416 2636 {luctamen
440 2574 509 2635 inde
533 2573 688 2644 discimus,
715 2573 786 2636 huic
812 2573 875 2634 viro
904 2573 991 2635 docto
1013 2590 1189 2653 persuasum
1212 2571 1310 2634 luisse

136 2659 192 2720 aliu
216 2657 305 2720 modo
327 2659 426 2720 versui
449 2659 626 2720 medicinam
650 2677 712 2720 non
735 2658 945 2739 quaerendam.
983 2657 1012 2719 2.
1035 2658 1139 2720 Bacch.
1155 2656 1184 2732 2,
1203 2656 1232 2731 3,
1249 2657 1310 2720 98:

135 2747 219 2825 putee
242 2761 315 2805 auro
335 2741 339 2826 1
358 2743 460 2805 hubent
480 2748 566 2806 soccis
586 2753 754 2825 suppoctum
775 2742 891 2806 selum?
922 2741 1099 2807 llitschelius
1123 2743 1153 2805 in
1178 2743 1312 2805 editione

135 2833 221 2891 soccia
242 2827 351 2904 hubent,
374 2836 476 2909 postea
499 2829 546 2909 (N.
563 2848 624 2890 exc.
644 2831 671 2903 1,
688 2829 741 2910 63)
765 2831 857 2892 coroa
872 2830 981 2911 posuit.
1014 2829 1042 2891 3.
1059 2829 1144 2890 Most.
1160 2828 1189 2902 2,
1206 2828 1235 2902 2,
1250 2828 1310 2890 67;

136 2916 180 2977 bic
200 2913 310 2990 hubi103
329 2911 333 2998 1
352 2914 421 2977 hacc
446 2916 516 2978 mihi
545 2916 665 2978 deditust
690 2917 840 2991 habituum
872 2916 949 2978 idem
980 2915 1098 2978 criticus
1122 2915 1308 2995 anaphoram

138 3017 213 3082 quae
236 2999 343 3062 dicitur
364 3003 587 3082 transponendo
610 3002 752 3083 corrupit.
784 3002 959 3082 Spengelius
982 3001 1089 3081 (Plaut.
1113 3020 1143 3082 p.
1157 2999 1232 3080 222)
1248 2999 1310 3063 Lo-

138 3086 255 3149 reuzius
276 3085 307 3147 id
330 3095 485 3161 excusant,
509 3089 588 3169 quod
616 3088 709 3150 oratio
732 3088 881 3169 paulisper
907 3087 1130 3151 intermittatur.
1161 3087 1191 3148 4.
1216 3087 1310 3149 Ρ222.

138 3173 168 3245 5,
184 3171 213 3245 2,
229 3170 284 3232 222
318 3172 403 3235 udilo
422 3172 426 3252 1
445 3173 525 3236 besee
547 3185 630 3255 atquc
663 3173 812 3254 adpellubo
844 3172 963 3247 Puniec;
992 3175 1113 3236 verbum
1138 3173 1220 3236 adole
1243 3191 1311 3235 non

138 3257 285 3331 coalescit,
307 3258 368 3320 sive
390 3258 468 3321 illam
492 3259 634 3339 Rescripti
657 3269 686 3322 et
712 3260 821 3322 Veteris
851 3261 1028 3341 scripturam
1063 3259 1213 3339 sequeris,
1247 3259 1313 3321 sive

138 3363 174 3405 en
196 3342 352 3405 becurtato
374 3354 404 3405 et
427 3345 564 3407 Vaticano
587 3346 761 3425 depromere
783 3346 875 3408 mauis
898 3346 982 3408 edile
1000 3341 1004 3426 Ι
1026 3355 1108 3427 utque
1128 3345 1208 3407 hosce
1231 3343 1311 3425 adp,

139 3447 214 3510 quae
247 3428 335 3490 lectio
362 3448 433 3491 sane
460 3431 547 3511 digna
576 3440 623 3493 est
651 3450 739 3512 quam
766 3440 944 3512 spectemus.
989 3430 1147 3493 Novissimi
1181 3430 1312 3493 editores

140 3514 296 3576 Camerarii
312 3515 550 3579 emendationem
567 3517 651 3580 odilo
668 3512 745 3603 (od)
763 3517 842 3580 besee
857 3518 914 3580 sibi
933 3525 1141 3596 sumpserunt:
1158 3526 1188 3578 at
1203 3535 1313 3597 quarn-

140 3618 228 3681 quam
252 3599 343 3662 Stich.
361 3601 389 3675 1,
406 3602 433 3676 1,
450 3601 490 3664 83
519 3604 649 3665 eundem
677 3603 788 3666 hiatum
813 3604 895 3666 edile
915 3602 919 3687 Ι
939 3603 1080 3666 bominem
1108 3611 1136 3664 et
1170 3603 1258 3664 Vetus
1282 3610 1314 3664 et

210 3802 230 3863 ¹)
248 3801 341 3868 Opusc.
360 3801 421 3869 phil.
440 3800 471 3852 111
484 3818 506 3868 p.
520 3801 567 3852 135
577 3818 614 3870 eq.
631 3801 707 3867 (blus.
726 3803 806 3856 Rheu.
824 3804 857 3855 25
875 3819 898 3855 a.
920 3802 984 3855 teto
1002 3821 1024 3871 p.
1036 3804 1084 3856 306
1095 3805 1141 3870 sq.)

209 3868 230 3932 ¹)
249 3870 315 3922 idem
334 3869 437 3921 Brixins
450 3876 531 3937 putat,
549 3887 604 3922 cnm
622 3871 697 3923 ‘cubi'
709 3869 782 3922 Trin.
801 3872 819 3923 1.
833 3872 850 3922 1.
863 3872 964 3924 damnat
982 3901 1014 3909 -
1035 3872 1073 3923 ‘da
1087 3875 1127 3924 ein
1140 3870 1314 3924 Abscbrciber

143 3938 187 3990 das
205 3935 314 4002 znla'llig
332 3939 656 4004 zusammengesehriebene
675 3941 778 3992 ‘ubitus'
791 3941 870 3990 durch
885 3941 1048 4006 Versetzung
1060 3942 1104 3992 des
1123 3957 1136 3990 c
1155 3941 1314 4004 wenigstens

142 4021 174 4056 nu
191 4007 273 4058 ciuem
291 4006 461 4060 lateinisches
481 4007 572 4060 worse
591 4009 693 4060 macben
711 4007 807 4061 wollte'
821 4010 858 4072 (u.
872 4009 928 4060 adn.
942 4010 1010 4073 crit,
1029 4016 1055 4060 et
1073 4008 1105 4061 21.
1124 4008 1211 4060 212211.
1225 4008 1312 4076 Suppl.

142 4088 210 4141 pror.
229 4090 252 4140 p.
264 4074 296 4125 29
308 4075 391 4142 adu.),·
408 4077 472 4143 quud
491 4077 580 4139 eiust,
600 4076 668 4127 nulla
687 4077 786 4129 ratione
809 4078 835 4128 in
854 4092 932 4128 versu
952 4079 973 4141 l,
988 4078 1012 4141 2,
1032 4078 1072 4128 121
1094 4077 1190 4129 ‘eunde’
1210 4077 1234 4126 12
1254 4085 1314 4129 tex·

142 4149 196 4194 tum
214 4143 330 4210 recipere
349 4144 487 4197 debuit-
506 4144 691 4196 ι221111122221
714 4147 784 4197 disse
808 4145 906 4197 liltoren
928 4144 1037 4198 Formas
1060 4162 1105 4197 eus
1124 4146 1242 4197 direlten
1261 4148 1312 4197 und

144 4211 289 4263 indirehteu
315 4213 558 4266 haudschriitliehan
586 4213 745 4278 Zeugnissen
758 4253 764 4266 .
778 4252 805 4266 ..
825 4211 975 4278 eruissen’3
1002 4231 1082 4282 neque
1112 4215 1179 4266 euim
1207 4225 1313 4280 praeter

143 4279 207 4331 illud
226 4278 344 4332 ‘cubitus’
362 4283 495 4349 quidquam
516 4284 541 4333 iu
560 4283 692 4334 codicibus
711 4291 791 4334 extat
