2856 4904
641 324 858 394 „83-

149 500 230 569 illud
258 505 278 566 d
302 512 446 577 servetur,
474 505 537 567 heri
559 507 655 585 patuit
678 543 718 551 —
741 507 798 570 hoc
820 527 890 571 sane
913 511 1135 574 concedendum
1160 521 1205 576 est
1228 549 1280 587 -‚
1304 523 1338 578 ut

138 589 279 655 ablativi
315 591 347 653 in
374 592 391 652 d
419 591 547 653 litteram
570 594 708 655 cadentes
729 593 761 656 in
784 595 879 658 Plauti
901 614 958 658 usu
981 597 1097 659 luerint.
1144 599 1334 680 Quamquam

135 690 212 740 una
239 696 296 740 res
321 679 511 739 vehementer
533 694 697 758 repugnare
719 679 791 741 mihi
816 680 945 743 videtur:
971 683 1051 762 quod
1066 683 1113 745 illa
1129 684 1246 746 litterae
1261 686 1278 746 d
1295 685 1338 747 vis

124 765 231 827 adeo
258 779 327 825 non
341 771 495 844 perspecta
511 770 555 824 est
568 765 625 826 illis
640 765 836 845 temporibus,
853 774 887 828 ut
902 768 1005 830 formis
1020 769 1086 831 med
1108 770 1153 832 ted
1174 778 1235 832 tam
1251 789 1338 833 accu-

119 851 264 914 sativis
289 868 378 930 quam
402 847 534 910 ablativis
560 850 625 912 sine
653 851 712 912 ullo
740 851 910 916 discrimine
943 861 1099 917 uterentur
1107 855 1140 931 1).
1185 856 1245 918 lam
1268 876 1338 919 vero

119 931 344 999 Ritschelius
366 954 434 998 cum
457 935 594 997 omnibus
616 937 746 1010 vocibus,
780 937 887 1017 quibus
916 958 984 1001 cum
1012 940 1144 1003 ablativis
1174 942 1337 1004 similitudo

117 1024 197 1096 sit,
239 1022 276 1083 in
298 1022 344 1083 bis
363 1020 459 1102 pondo
484 1023 560 1082 iane
590 1022 671 1085 hodie
699 1026 808 1086 interea
832 1036 986 1105 propterea
1011 1037 1111 1108 argute
1138 1026 1184 1100 al,
1219 1027 1289 1089 illud
1319 1029 1338 1090 d

121 1107 292 1172 adscribi
314 1107 408 1183 iubet,
428 1107 459 1167 in
481 1126 514 1169 ea
537 1125 571 1168 re
593 1108 683 1170 finem
706 1118 736 1170 et
758 1109 880 1172 modum
902 1111 1021 1173 transiit
1043 1113 1092 1189 (cf.
1109 1111 1224 1191 Bergkii
1248 1122 1336 1194 caput

120 1189 190 1256 Xl
217 1215 252 1276 p.
279 1193 321 1254 72
343 1194 420 1274 sq.);
452 1211 521 1255 nam
554 1195 633 1275 quod
663 1214 698 1257 er
732 1195 827 1257 Ennio
854 1196 989 1258 adfertur
1014 1198 1091 1260 alted
1123 1197 1157 1260 0.
1180 1197 1338 1262 Muellerus

128 1280 259 1353 finxit,
282 1297 344 1342 non
366 1279 524 1356 Ennius¹).

248 1366 310 1429 Sed
332 1375 365 1427 ut
387 1384 491 1427 omnes
512 1364 578 1426 illae
600 1364 806 1428 formaeiusto
828 1367 894 1429 iure
915 1367 1017 1430 Plauto
1032 1368 1243 1444 attribuantur,
1266 1369 1335 1449 quid

139 1472 190 1514 ex
214 1453 276 1514 hac
290 1451 442 1514 Ritschelii
458 1451 626 1514 coniectura
650 1487 688 1494 -
712 1471 782 1514 nam
805 1452 877 1533 quid
892 1453 971 1515 aliud
986 1451 1055 1516 ost?
1077 1488 1118 1498 -
1140 1455 1336 1518 emolumenti

145 1541 192 1600 ad
218 1557 279 1600 nos
301 1534 405 1601 venit?
426 1537 533 1599 licetne
555 1543 678 1598 cunctos
701 1557 775 1618 quos
805 1557 894 1619 supra
915 1539 1153 1602 enumeravimus
1176 1541 1274 1602 hiatus
1297 1542 1336 1602 ita

147 1620 316 1686 eximere?
338 1658 381 1668 -
402 1623 524 1685 hlinime
546 1623 694 1702 gentium3
717 1623 789 1685 nihil
811 1623 867 1686 loci
890 1635 935 1687 est
956 1625 997 1687 illi
1020 1628 1038 1687 d
1061 1625 1093 1686 in
1114 1625 1286 1688 nominibus
1309 1635 1338 1689 et

154 1709 259 1772 verbis
281 1711 314 1772 in
336 1711 346 1771 i
367 1711 497 1772 vocalem
520 1708 734 1783 excidentibus,
763 1709 837 1772 nihil
858 1711 890 1772 in
913 1711 1007 1791 prima
1029 1711 1187 1773 verborum
1209 1729 1337 1792 persona

156 1796 187 1857 in
212 1815 249 1871 o,
274 1795 349 1857 nibil
370 1796 402 1857 irr
428 1794 610 1875 imperativis
632 1796 662 1857 in
684 1815 700 1857 a
723 1805 752 1857 et
776 1815 807 1870 e,
841 1795 912 1857 nihil
935 1805 1003 1878 post
1033 1797 1241 1877 diphthongos,
1266 1798 1337 1859 nibil

160 1883 188 1944 in
211 1881 336 1944 vocibus
358 1893 417 1944 octo
439 1885 557 1963 triptota
578 1879 709 1962 aliisque,
732 1881 804 1943 nibil
823 1882 951 1962 denique
966 1883 998 1944 in
1014 1883 1160 1945 sescentis
1175 1882 1337 1958 vocabulis,

162 1987 236 2049 quae
259 1969 292 2029 in
314 1987 345 2029 m
368 1985 528 2030 consonam
552 1967 675 2043 cadunt;
698 1976 786 2049 atque
809 1967 958 2031 interdum
982 1969 1031 2030 ille
1053 1969 1096 2030 vir
1113 1969 1218 2031 doctus
1242 1987 1279 2030 ne
1296 1970 1336 2031 ibi

163 2055 285 2133 quidem
307 2054 326 2115 d
348 2054 494 2135 reposuit,
518 2051 569 2115 ubi
590 2054 793 2134 repositurum
816 2073 884 2116 eum
905 2055 998 2117 luisse
1021 2062 1149 2136 putares.
1179 2054 1220 2115 Ea
1236 2063 1334 2116 autem

163 2140 272 2221 opinio,
296 2158 370 2221 quae
393 2141 595 2222 exemplorum
613 2148 726 2221 partem
742 2139 830 2219 longe
845 2140 1004 2203 maximam
1020 2158 1082 2202 non
1103 2141 1189 2214 tollit,
1215 2140 1337 2203 minime

163 2234 228 2306 apta
252 2235 300 2288 est
322 2226 358 2288 ad
380 2225 470 2287 fidem
492 2225 668 2288 faciendam.

246 2311 329 2385 Quae
352 2330 419 2373 cum
447 2311 487 2374 ita
514 2311 590 2385 sint,
624 2312 711 2374 aliam
738 2310 816 2373 viam
848 2312 962 2392 ingredi
990 2328 1051 2373 non
1081 2310 1193 2372 dubito.
1239 2313 1334 2392 Atque

161 2398 408 2478 proficiscendum
437 2397 509 2458 mibi
536 2397 652 2459 videtur
681 2396 827 2459 abhuius
856 2397 934 2459 modi
957 2397 1042 2457 locis:
1074 2397 1198 2475 praedi,
1227 2400 1335 2476 patavi,

160 2494 284 2546 monum
306 2485 433 2555 accubui,
453 2481 459 2565 1
479 2482 585 2563 abstuli
605 2481 694 2557 (lien.
718 2483 746 2556 3,
763 2483 792 2555 2,
810 2483 863 2562 11)
885 2483 929 2544 vel
951 2484 1056 2554 eadere,
1078 2481 1218 2563 amplecti,
1239 2479 1244 2563 Ι
1263 2501 1333 2544 aas·

161 2571 261 2643 calari,
280 2568 285 2650 Ι
304 2571 423 2650 adloqui
442 2569 542 2649 (blera.
555 2570 586 2642 4,
598 2570 628 2641 4,
640 2569 673 2646 5)
696 2568 804 2640 aliisve,
827 2586 901 2649 quos
918 2567 1094 2649 Spengelius
1116 2567 1210 2629 Plaut.
1227 2586 1255 2647 p.
1272 2566 1331 2627 221

161 2656 281 2735 collegit
328 2655 408 2717 Haec
429 2655 509 2716 enim
532 2655 664 2736 exempla
688 2656 751 2717 eius
767 2655 882 2734 generis
897 2663 977 2728 sunt,
1000 2661 1035 2715 ut
1049 2653 1152 2732 quavis
1167 2653 1333 2714 mutatione

160 2760 218 2803 non
241 2741 359 2821 possint
381 2759 442 2802 non
465 2741 625 2820 depravari.
670 2740 757 2815 Quod
779 2740 804 2801 si
827 2759 930 2802 verum
954 2748 1014 2812 est,
1041 2758 1098 2819 qua
1119 2738 1236 2800 ratione
1258 2757 1333 2800 con-

160 2845 280 2889 cursum
303 2827 446 2889 vocalium
470 2821 646 2889 tuebimur?
670 2825 845 2906 Spengelius
866 2826 915 2888 ille
938 2825 1057 2906 quidem
1079 2825 1111 2885 in
1131 2825 1332 2886 enumeranda

159 2912 268 2994 aliquid
291 2931 391 2976 morae
412 2912 561 2994 interponi
584 2911 747 2982 contendit,
770 2930 828 2992 qua
844 2912 943 2973 hiatus
959 2910 1142 2973 defendatur.
1175 2909 1235 2973 Sed
1249 2911 1333 2972 aliter

158 3017 220 3060 rem
255 3018 288 3061 se
320 2998 431 3060 babere
464 2999 607 3060 discimus
641 3017 675 3060 er
703 2997 871 3059 Trinummi
898 3017 987 3060 versu
1009 2997 1038 3070 2,
1064 2999 1090 3071 l,
1115 2995 1169 3058 36:
1194 2996 1263 3058 beni
1281 2997 1336 3059 sabi

157 3085 223 3147 hoec
245 3093 395 3164 emanet,
417 3103 479 3147 rem
499 3080 607 3166 fideret
628 3085 778 3157 honorem,
808 3084 859 3164 qui
885 3102 988 3145 versus
1017 3101 1084 3144 meo
1107 3082 1216 3144 iudicio
1239 3117 1280 3127 -
1303 3090 1332 3143 et

159 3171 293 3232 conferas
317 3170 426 3251 Speng.
450 3171 546 3233 Plaut.
569 3190 598 3251 p.
621 3170 684 3232 232
707 3204 749 3213 -
771 3187 824 3250 pro
840 3169 949 3231 cretico
970 3177 1144 3230 tetrametro
1166 3167 1331 3229 catalectico

158 3256 344 3337 accipiendus
369 3263 423 3318 est.
468 3256 508 3317 Ut
530 3256 620 3336 igitur
641 3256 688 3318 bic
710 3256 747 3317 de
772 3255 926 3316 intervallo
955 3263 1025 3335 post
1044 3254 1129 3335 fidem
1151 3253 1228 3314 facto
1251 3252 1332 3331 cogi-

157 3343 211 3404 tari
234 3361 297 3404 non
318 3349 425 3422 potest,
448 3341 490 3403 ita
513 3359 552 3403 ne
572 3341 637 3403 illos
653 3341 773 3422 quidem
788 3341 886 3403 hiatus
901 3340 1096 3421 respiratione
1111 3338 1237 3420 quadam
1253 3338 1332 3400 tueri

157 3428 254 3490 velim.
298 3428 422 3502 Qualem
438 3436 538 3489 autem
552 3426 680 3489 babeant
700 3426 931 3501 excusationem,
953 3426 1116 3489 ostendunt
1136 3424 1331 3486 Mostellariae

156 3532 258 3576 versus
284 3515 311 3588 l,
333 3512 363 3587 2,
386 3512 426 3574 73
440 3533 500 3595 sq.:
519 3557 549 3574 ..
572 3524 634 3575 arte
653 3517 838 3593 gymnastico,
861 3513 954 3587 Disce,
974 3508 978 3593 Ι
999 3513 1095 3584 hastis,
1114 3510 1188 3591 pila,
1209 3529 1305 3585 cursa,
1325 3506 1330 3593 Ι

156 3603 255 3674 armis,
277 3617 356 3680 epae,
374 3645 402 3661 ..
425 3599 589 3662 victitabam
608 3600 705 3679 volup.
748 3599 823 3661 Nam
846 3617 915 3661 cum
935 3599 1056 3661 Plautus
1077 3599 1163 3675 longe
1185 3595 1329 3677 plurimos

155 3693 342 3748 tetrametros
371 3686 508 3760 creticos,
537 3705 572 3747 ex
602 3686 678 3748 veris
701 3684 826 3766 pedibus
858 3683 974 3747 creticis
1002 3681 1241 3764 composuerit³),
1266 3699 1328 3742 non

155 3790 222 3834 cum
237 3771 397 3834 Ritschelio
414 3772 432 3834 d
447 3770 636 3834 adiciendum
652 3790 718 3834 esse
733 3779 910 3846 statuemus,
925 3771 964 3832 ita
980 3776 1014 3832 ut
1028 3769 1087 3833 duo
1102 3770 1135 3832 in
1157 3786 1217 3831 uno
1240 3784 1327 3830 versu

222 3926 243 3989 ²)
261 3926 300 3976 sic
317 3923 479 3988 hesternai,
497 3923 601 3975 Lucrat.
619 3930 717 3990 quaest.
736 3939 775 3989 gr.
793 3931 821 3974 et
839 3922 899 3975 erit
918 3939 941 3989 p.
960 3922 1001 3974 30.

220 3995 244 4059 ²)
262 3993 326 4045 llum
345 3995 410 4046 Aoo.
428 4011 454 4045 v.
473 3992 523 4045 366
541 3992 604 4043 libri
622 3993 711 4061 scripti
729 3992 864 4044 exhibant:
887 3991 948 4043 ‘alte
972 3991 1058 4054 delata
1075 3987 1219 4056 ceterisque
1238 3989 1327 4052 ingon-

153 4063 222 4115 tibus
240 4062 326 4116 tecta’.
361 4063 501 4115 Muellerus
519 4062 565 4113 ille
583 4062 683 4128 quidam
701 4061 782 4113 scribi
800 4062 884 4113 iubet:
907 4061 986 4112 ‘alted
1005 4060 1073 4111 elata
1091 4057 1222 4125 petrisque
1239 4057 1327 4121 ingen·

154 4132 222 4184 tibus
240 4132 329 4196 tects’3
348 4133 393 4184 sed
410 4131 521 4221 otardo
544 4137 659 4182 extremo
682 4144 760 4183 versu
782 4129 938 4194 iudicamus,
959 4131 1007 4180 hoc
1030 4127 1131 4195 quidem
1155 4125 1326 4177 certissimum

154 4207 201 4267 m,
218 4199 938 4334 pprslpp.pllpefldspprtpmpplppippppeppiprppdphxxxx
956 4264 1114 4317 tetrametris
1132 4262 1282 4314 acatalectis
1295 4263 1327 4314 ad

153 4340 332 4406 quinquaginta
350 4354 443 4390 versus
461 4353 537 4388 unum
555 4337 642 4404 pedem
659 4337 796 4388 molossum
813 4337 856 4388 vel
875 4335 1058 4394 choriambum,
1078 4349 1127 4382 non
1145 4332 1203 4399 plus
1221 4332 1326 4398 quinde-

153 4408 201 4458 cim
219 4411 281 4459 duas
300 4410 424 4459 molossos
443 4407 486 4460 vel
503 4407 662 4459 choriambus
680 4406 789 4470 habcrc3
811 4407 836 4456 in
859 4405 954 4456 ceteris
979 4403 1093 4454 amnibus
1112 4402 1214 4452 brevem
1234 4400 1325 4451 cretici

153 4478 277 4544 syllabam
295 4479 385 4545 ubique
403 4483 534 4528 servatam
552 4491 620 4527 esse.

1133 4555 1167 4610 6*
