2902 4890
625 288 843 354 „34-

138 468 238 529 oculor
255 461 400 550 (ammte)
419 478 540 530 omooteu
560 466 615 528 buc
636 467 808 540 murteum,
831 468 882 530 ubi
905 477 1005 530 tamen
1027 467 1099 529 nibil
1118 468 1235 530 facilius
1250 487 1314 530 esse

138 550 219 614 dicae
253 569 341 629 quam
371 555 417 614 eti
442 571 563 634 ponere.
606 553 703 633 Atque
728 553 761 615 in
787 553 965 617 Trinummo
990 554 1106 624 lacuna,
1140 572 1230 634 quam
1259 554 1314 617 soli

138 637 256 700 codices
290 636 467 701 Decurtatus
503 639 658 701 Vaticanus
692 648 836 701 servatam
872 640 983 701 babent
1016 639 1097 701 Trin.
1120 643 1150 710 4,
1179 639 1209 711 2,
1240 639 1313 700 104:

138 767 147 786 .
173 768 180 784 .
202 768 210 785 .
236 766 244 783 .
267 741 283 785 o
305 723 407 795 boola,
429 727 456 786 ai
475 735 516 786 est
536 725 694 786 molestum.
708 758 752 769 -
766 726 847 788 Nom
865 727 1003 806 pudicum
1022 728 1164 786 mminem
1185 724 1314 787 tortasse

138 828 199 872 uon
223 827 291 870 oum
308 807 471 871 Ritscbelio
494 819 570 872 tocco
591 828 640 891 eqo
661 810 755 874 berete
778 811 918 892 explenda
933 818 988 883 est,
1010 811 1061 871 sod
1084 821 1162 873 tocco
1181 807 1186 892 Ι
1205 810 1314 884 Μαι,

136 895 177 956 ita
200 894 282 956 enim
306 894 380 957 illud
402 904 544 975 quattuor
565 895 729 958 litterarum
752 898 881 976 spatium
904 895 1017 977 optime
1031 905 1160 958 tenetm,
1190 895 1229 957 Et
1244 897 1314 959 haec

138 980 238 1061 opinio
262 979 371 1041 Persae
393 1000 480 1044 vorsu
496 981 525 1053 4,
550 981 580 1055 4,
604 982 642 1041 'll
667 984 895 1044 commendatur
916 992 947 1044 et
968 981 1189 1063 comprobatur,
1213 980 1265 1046 uhi
1279 981 1313 1044 ii·

136 1068 204 1130 dem
228 1065 288 1126 duo
311 1066 427 1128 codicm
449 1067 480 1128 in
503 1068 583 1130 huuc
604 1067 668 1129 lere
690 1069 812 1130 modum
835 1069 971 1131 scribunt

466 1151 576 1215 Motum
596 1171 693 1214 mum
795 1155 827 1216 di
844 1157 929 1217 mont
951 1199 990 1216 ..

667 1238 750 1301 ludet
772 1257 820 1302 cor
841 1258 928 1321 quum
951 1284 989 1299 ..

470 1321 533 1385 toto
552 1333 592 1386 est
665 1342 725 1386 nuo
746 1336 772 1387 to
795 1370 836 1386 ..

135 1426 225 1488 quam
255 1409 289 1471 in
309 1408 446 1470 lacunam
475 1408 552 1470 bone
582 1409 710 1488 quadrat
738 1411 817 1490 quod
844 1411 876 1471 in
896 1407 1094 1472 Ambrosiano
1117 1415 1256 1471 servatur
1279 1407 1314 1470 Ut

135 1497 250 1573 sopiam
272 1493 366 1573 (natu
394 1512 444 1556 cor
466 1538 474 1555 .
498 1496 528 1569 .).
551 1529 593 1539 —
615 1495 835 1558 Dubitationem
863 1495 1002 1559 iniciunt:
1038 1494 1118 1555 Asin.
1147 1494 1176 1565 5,
1200 1491 1231 1564 2,
1255 1490 1311 1553 90:

134 1582 222 1642 inmo
241 1577 246 1662 Ι
264 1583 346 1644 abtas
359 1583 455 1660 potius
476 1599 589 1659 aequone
610 1580 665 1642 buc
686 1599 740 1654 me,
767 1585 809 1642 ori
828 1585 930 1643 anion.
953 1615 995 1624 -
1018 1580 1078 1658 qu
1106 1594 1174 1640 uero
1195 1595 1311 1659 aequom

136 1683 206 1727 nam
221 1667 299 1728 intur
314 1665 453 1727 vitiosum
470 1676 531 1742 est3
545 1665 756 1729 Fleckeiscuus
770 1671 847 1729 latro
864 1665 1004 1735 restituit
1020 1664 1160 1726 Goetzius
1176 1663 1311 1727 Loowius

136 1749 257 1813 liberius
279 1755 356 1813 iatam
378 1769 476 1814 eamus
494 1754 606 1831 potuita:
629 1770 744 1833 aequore
760 1797 767 1812 .
784 1797 792 1812 .
808 1752 871 1814 dul.
895 1750 925 1829 3,
942 1752 971 1825 3,
987 1750 1023 1812 7:
1046 1753 1124 1813 intro
1139 1748 1194 1810 odi.
1226 1767 1310 1831 opero

135 1836 189 1898 intr
211 1836 352 1899 conducto
372 1847 413 1898 ort
433 1847 539 1906 vostro
562 1855 622 1898 oon
643 1841 750 1912 cratim
777 1837 956 1900 Ritscbeliua
978 1835 1027 1915 (N.
1051 1855 1113 1897 exc
1139 1836 1166 1906 1,
1190 1834 1231 1897 81
1257 1835 1311 1916 sq.)

135 1932 175 1983 ert
197 1922 336 1985 conducto
357 1932 551 2002 transponere
574 1924 683 1985 mavult
705 1941 794 2002 quana
815 1924 913 1987 rirtrod
934 1924 1073 2002 recipere.
1103 1918 1168 1982 Mea
1191 1921 1309 2000 quiden

136 2008 287 2069 sententia
320 2008 496 2088 Spengelius
530 2026 632 2070 rerum
661 2008 784 2080 invenit,
815 2028 883 2071 cum
916 2009 1024 2084 (Plaut
1051 2025 1080 2087 p.
1105 2005 1180 2086 218)
1208 2006 1307 2068 odiit

137 2093 230 2156 altera
253 2093 361 2173 syllaba
377 2101 510 2168 acueret,
533 2112 560 2154 v.
578 2093 660 2156 Sent.
677 2102 812 2156 controv.
826 2095 850 2156 1.
880 2093 954 2157 Nam
970 2093 1054 2165 odite,
1076 2091 1155 2172 quud
1174 2091 1309 2153 Goetzim

137 2197 205 2241 cum
235 2178 371 2241 Lomano
392 2178 532 2240 Muellero
563 2180 663 2250 edidit,
697 2180 840 2260 speciosa,
874 2197 936 2242 non
959 2197 1026 2242 vcra
1053 2186 1099 2239 est
1126 2176 1310 2249 coniectum

135 2263 208 2325 vide·
224 2264 359 2326 eiusdem
374 2283 497 2327 scaenae
512 2281 614 2327 versus
632 2264 670 2325 10
687 2274 718 2326 et
735 2266 772 2326 ll
791 2274 821 2327 et
836 2264 1008 2329 Mercatoris
1022 2281 1160 2324 scaenam
1177 2271 1310 2341 quartam

136 2358 220 2412 actus
241 2350 347 2430 quarti,
370 2349 421 2412 ubi
443 2369 559 2430 coquus
581 2351 706 2432 eiusque
728 2369 837 2431 operae
852 2369 941 2431 saepe
957 2349 1107 2429 singulari,
1130 2366 1192 2410 non
1207 2347 1311 2430 plurali

136 2453 262 2498 numero
285 2435 479 2516 appellantur,
503 2436 571 2516 quia
593 2437 642 2498 ille
664 2439 746 2499 solus
769 2436 858 2499 verba
879 2436 964 2509 lacit3
985 2437 1119 2514 itemque
1133 2433 1165 2494 iu
1181 2434 1311 2496 Poenulo

138 2521 270 2583 advocati
303 2522 363 2584 duo
391 2542 417 2582 v.
442 2521 472 2592 3,
493 2522 524 2595 4,
550 2519 598 2582 18.
621 2520 672 2583 23.
695 2522 745 2582 24.
774 2557 817 2567 -
842 2522 1000 2584 Manifesta
1030 2528 1183 2601 peccatum
1218 2528 1266 2580 eat
1295 2537 1312 2580 a

136 2606 260 2670 librariis
282 2607 371 2670 Truc.
393 2609 423 2682 4,
447 2607 476 2680 2,
500 2606 555 2670 39;
576 2610 664 2669 immo
686 2605 692 2688 Ι
715 2612 784 2670 istoc
814 2608 853 2670 od
884 2626 933 2670 uos
964 2611 1016 2668 ire.
1046 2640 1088 2652 -
1111 2604 1179 2667 Non
1203 2615 1311 2684 potest:

134 2695 256 2756 niarium
284 2697 372 2773 petis3
406 2692 486 2772 quod
518 2700 584 2755 tum
617 2695 738 2754 demum
771 2703 851 2756 stare
883 2701 994 2773 posset,
1028 2692 1053 2753 si
1083 2691 1249 2753 infinitivus
1270 2694 1312 2753 ue

134 2778 264 2851 abessem
288 2779 485 2842 Buechelarus
507 2779 652 2858 supplevit
674 2779 712 2840 od
734 2793 784 2841 our
807 2774 910 2862 (volo)
934 2783 987 2841 rie.

221 2863 255 2926 ln
278 2865 369 2927 altero
391 2863 532 2925 trochaeo
556 2864 627 2926 hauc
652 2865 850 2928 collocantur:
885 2867 912 2925 1.
944 2863 1028 2926 Asin.
1050 2862 1081 2936 5,
1104 2861 1133 2934 2,
1158 2862 1216 2922 71:
1252 2859 1313 2942 (pol

136 2968 181 3011 are
213 2952 338 3030 pamm)
361 2947 498 3011 Mr'aoronr
516 2946 522 3028 Ι
541 2948 605 3011 odio
623 2947 628 3031 !
647 2955 776 3013 emron
799 2985 841 2995 -
862 2949 954 3030 Surqo
986 2959 1109 3021 emmor,
1140 2949 1153 3008 i
1180 2947 1311 3020 umora

136 3043 172 3096 ut
192 3035 340 3116 duplicem
363 3034 476 3097 biatum
499 3034 671 3109 eximerent,
693 3035 902 3098 Fleckeisenus
916 3039 988 3107 iulo,
1011 3033 1162 3096 Bentloius
1177 3049 1230 3094 saro
1245 3040 1312 3112 post

136 3124 270 3182 numum
291 3120 486 3192 addiderunt3
507 3120 680 3184 traiectione
702 3140 776 3184 usus
798 3130 844 3184 cst
866 3122 997 3201 Guyetus
1019 3121 1073 3181 bac
1094 3120 1226 3180 Enicooit
1248 3118 1311 3180 odio

135 3209 289 3269 miseram:
321 3224 380 3287 qua
413 3205 590 3268 adiectivum
623 3226 640 3267 a
668 3225 713 3269 mo
742 3207 921 3287 pronomine
948 3223 1010 3267 non
1038 3206 1114 3266 bene
1135 3204 1311 3282 seiungitur.

137 3290 166 3353 2
196 3291 281 3354 Gurc.
306 3293 335 3364 5,
359 3291 388 3367 3,
414 3293 469 3352 17:
502 3292 600 3354 locine
625 3304 710 3372 puoto
730 3289 735 3375 Ι
753 3293 950 3357 umanum
978 3301 1062 3372 utque
1082 3294 1248 3352 immotum
1269 3308 1312 3352 arr

135 3374 252 3459 obmpr'?
273 3377 387 3440 hiatum
409 3377 493 3440 hiatu
515 3378 633 3457 expellit
656 3379 809 3450 Goetzius3
832 3398 901 3440 nam
924 3378 948 3439 si
971 3394 1016 3438 rue
1037 3395 1073 3438 ex
1096 3375 1202 3437 ultimo
1224 3394 1311 3438 versu

135 3464 169 3525 in
191 3463 310 3524 tertiam
333 3464 435 3525 sedem
457 3463 627 3537 retrahitur,
653 3464 684 3524 iu
712 3472 794 3527 senta
823 3465 1033 3543 potiusquam
1055 3462 1087 3523 in
1109 3470 1214 3539 quarta
1235 3461 1311 3523 thesi

135 3550 252 3611 biatum
274 3547 429 3610 babemus.
472 3548 566 3611 Antea
592 3549 658 3610 bino
679 3551 724 3611 vel
753 3553 784 3610 oi
809 3548 1065 3631 interponebatur.
1110 3544 1141 3606 3.
1174 3547 1259 3608 Pers.
1282 3544 1312 3619 2,

135 3632 166 3707 2,
188 3634 225 3696 9;
255 3635 371 3714 focium.
400 3633 524 3706 -Quo
551 3632 686 3716 cruolio
712 3632 814 3696 nuuc?
835 3669 878 3678 -
899 3633 1039 3697 moun:
1072 3637 1117 3694 uta·
1143 3632 1222 3694 domi
1247 3636 1312 3704 siun

135 3738 221 3801 quom
241 3720 289 3782 illa·
306 3739 434 3795 cosmum
468 3720 510 3782 sic
538 3739 605 3782 oum
628 3721 781 3803 Rescripta
811 3721 943 3793 codicem
974 3737 1041 3799 erqo
1072 3736 1149 3780 nunc
1181 3720 1311 3798 e'sapud

134 3805 330 3868 Ritsrbulium
357 3807 473 3886 legitur.
519 3805 582 3886 (4.)
612 3806 701 3869 Poen.
726 3809 757 3880 5,
784 3808 815 3880 5,
848 3808 899 3867 11;
933 3809 974 3869 ito
1003 3803 1116 3885 replebo
1135 3808 1140 3886 Ι
1160 3805 1310 3887 otritutel

134 3895 229 3954 atrior
249 3893 341 3954 malm
361 3902 395 3953 ut
415 3895 485 3966 εἰει,
519 3892 685 3973 Geppertus
712 3893 858 3973 replevero
885 3891 965 3953 baud
993 3892 1070 3951 male
1098 3889 1237 3962 coniecit3
1271 3890 1312 3952 oi.

134 3976 203 4039 lor.
227 3976 272 4039 ad.
297 3976 385 4038 bloet
409 3976 519 4055 (1883)
541 3996 569 4038 v.
591 3977 662 4039 590.
704 3979 734 4038 5.
763 3977 855 4039 Stich.
874 3977 904 4049 2,
919 3975 949 4053 2,
965 3975 1021 4039 6οε
1044 3980 1104 4038 ebor
1124 3993 1184 4036 non
1204 3976 1285 4055 focio
1304 3973 1310 4058 Ι

135 4066 306 4124 mutuum:
340 4064 412 4125 mali
430 4067 526 4144 optiqit
546 4063 702 4134 heraditum
728 4064 769 4125 ita
791 4063 858 4124 libri
881 4080 995 4135 omnes,
1018 4061 1074 4123 nisi
1095 4062 1176 4140 quod
1198 4061 1230 4122 in
1251 4061 1312 4123 Pa·

134 4149 235 4211 latinis
255 4150 366 4229 sanione
386 4150 524 4210 traditur.
569 4148 631 4210 Viri
664 4149 742 4211 docti
763 4157 815 4211 aut
844 4149 1042 4211 convertendo
1066 4150 1137 4224 (loos
1158 4166 1219 4208 oon
1238 4166 1312 4210 orro-

134 4237 240 4296 tr'onem
259 4236 350 4315 socio)
374 4242 424 4296 aut
446 4234 582 4296 addendo
606 4237 677 4309 (lom
695 4229 782 4318 (eqo)
799 4251 859 4295 noo
881 4243 911 4296 et
931 4238 991 4296 lom
1007 4228 1105 4317 (ium)
1122 4232 1195 4313 non)
1210 4234 1312 4294 looum

135 4329 335 4382 tentaverunt
379 4320 409 4381 6.
437 4318 524 4381 Truc
548 4321 577 4392 5,
604 4320 657 4379 17:
684 4323 790 4400 reopa‘m
816 4335 897 4399 erqo:
918 4319 923 4400 Ι
941 4324 1035 4400 canpe
1059 4318 1120 4392 boc,
1147 4321 1199 4400 qui
1214 4315 1312 4401 latmo

133 4405 245 4487 rafidos
277 4424 363 4487 cpus3
396 4406 525 4486 priorem
560 4405 649 4468 buius
682 4424 785 4469 versus
818 4405 931 4467 hiatum
964 4405 1086 4469 Botbius
1113 4423 1176 4466 non
1208 4405 1312 4485 inepte
