2856 4904
683 327 878 389 ..ι-

196 502 323 564 ucieiluus
351 505 477 583 uncipm'
497 520 629 582 promere
658 502 787 563 munitio
807 501 998 581 'lampadibus
1029 501 1084 561 alia
1097 500 1127 578 ¹).
1175 500 1215 562 lle
1249 499 1366 562 arsibus

196 588 300 649 solutis
329 589 537 660 dicerenolo,
568 587 677 668 quippe
705 605 780 666 quae
807 604 867 649 non
897 588 994 648 nrinus
1024 587 1053 647 in
1077 587 1196 647 Graecis
1219 604 1308 666 quam
1334 587 1366 648 in

196 673 344 735 Saturniis
373 672 505 736 ver'sibns
534 676 631 735 locum
661 672 799 735 habeant.
831 706 866 714 --
904 671 980 733 llaec
1008 671 1096 750 igitur
1129 671 1228 733 omnia
1261 671 1365 732 Plauto

196 767 264 821 cum
298 759 445 821 Saturniis
479 761 666 821 consociata
677 767 758 820 siunt.
814 758 846 818 ln
881 757 925 818 bis
959 766 1057 820 autem
1098 756 1233 820 versibus
1273 757 1366 819 multa

112 883 115 889 -
196 845 304 907 hiatus
316 845 447 926 exempla
470 853 537 906 ante
560 844 660 907 oculos
683 844 798 906 babuit:
828 861 900 905 num
926 844 1032 905 mirum
1057 851 1101 905 est
1123 844 1220 923 ipsum
1245 861 1365 923 quoque

196 930 379 1037 quibusdam
397 930 552 993 licentiis
544 949 573 993 m
597 930 679 992 biatu
703 930 884 993 admittendo
909 948 995 991 usum
1018 925 1109 990 esse?

284 1015 355 1078 Et
348 1034 378 1077 m
408 1033 518 1096 genere
548 1016 697 1078 sermonis
726 1017 832 1079 usitato
861 1015 1004 1076 vocalium
1033 1032 1212 1076 concursum
1243 1013 1365 1076 minime

197 1064 347 1170 eiitatum
365 1103 475 1164 nedum
488 1102 665 1165 evitandum
682 1101 774 1164 fuisse
791 1101 921 1163 eiusdem
940 1099 1071 1162 Oratoris
1084 1099 1151 1162 libri
1164 1100 1258 1181 capite
1270 1099 1364 1162 lllllll

88 1244 95 1263 .
196 1186 316 1249 Tullius.
325 1186 440 1269 probat,
464 1207 531 1250 cum
555 1190 592 1250 de
618 1197 735 1250 oratore
758 1207 846 1269 quem
863 1186 958 1248 solum
976 1186 1097 1266 quidam
1114 1194 1219 1248 vocant
1233 1186 1362 1248 Atticum

196 1273 268 1334 haec
287 1274 413 1353 prodit:
448 1273 512 1353 (23,
537 1275 593 1349 76)
626 1277 792 1336 summissus
823 1282 864 1335 est
892 1283 917 1334 et
938 1272 1053 1334 bitruilis
1078 1282 1105 1334 et
1134 1273 1364 1334 cousuetudinem

195 1362 319 1436 imitans,
342 1360 378 1421 ub
399 1361 544 1423 indisertis
557 1379 590 1423 re
601 1360 669 1439 plus
684 1378 768 1442 ιιιιιιιι
784 1362 914 1440 opinione
929 1357 1063 1441 differens
1079 1405 1085 1418 .
1104 1404 1111 1419 .
1129 1402 1136 1418 .
1152 1358 1219 1437 (77)
1237 1361 1365 1438 primum

196 1447 284 1524 ipitur
312 1450 545 1527 comtemptum
572 1445 729 1509 eoa'uculis
756 1463 944 1506 numerorum
966 1447 1126 1506 eximamus
1149 1489 1156 1504 .
1180 1490 1187 1504 .
1211 1489 1218 1503 .
1240 1443 1365 1505 solutum

197 1530 333 1610 quiddam
365 1534 401 1593 sit
433 1551 484 1594 uec
511 1550 617 1611 napum
645 1541 750 1604 tumui,
784 1541 817 1592 ut
843 1531 955 1610 iupredi
979 1530 1073 1600 libere,
1103 1547 1161 1591 ιιιιι
1187 1539 1221 1590 ut
1249 1530 1366 1591 licenter

195 1616 329 1678 videntur
351 1636 459 1680 mucre.
489 1617 577 1680 ocrbc
598 1621 683 1679 etium
705 1617 799 1678 uerbis
813 1620 896 1697 quusi
909 1625 1103 1696 cocpmeuture
1118 1616 1254 1695 ucplepot.
1283 1615 1366 1677 babet

196 1705 272 1763 euim
293 1702 342 1763 illc
364 1707 509 1783 tamquam
531 1704 624 1766 bintus
647 1721 786 1765 concursu
808 1703 948 1764 vocalium
969 1701 1053 1764 molle
1075 1701 1219 1782 quiddam,
1242 1711 1268 1763 ct
1290 1702 1366 1782 quod

200 1788 304 1850 iudicet
338 1806 397 1849 uou
412 1814 415 1839 1
429 1793 574 1869 inprctcm
606 1788 810 1869 ueplepmtium
844 1787 877 1850 de
901 1807 933 1850 re
961 1787 1080 1848 bominis
1108 1791 1198 1868 inopis
1225 1805 1310 1868 quom
1333 1786 1367 1848 de

197 1874 293 1935 uerbis
315 1872 541 1937 laboraretis-
564 1875 595 1936 Si
618 1874 693 1936 haec
714 1873 740 1935 ei
764 1873 873 1936 oratori
896 1872 1031 1935 liberiora
1052 1873 1185 1946 inerunt,
1208 1872 1259 1952 qui
1282 1891 1366 1934 com·

157 2030 163 2054 Ι
200 1966 323 2019 munem
347 1959 535 2022 vitae'usum
560 1960 692 2022 imitatus
714 1958 770 2020 sit:
794 1955 888 2039 quid?
924 1957 1036 2031 Plauto,
1065 1958 1119 2037 ipsi
1148 1976 1267 2038 quoque
1289 1959 1365 2020 vitae

197 2044 444 2107 consuetudinem
467 2064 528 2107 non
553 2045 688 2108 imitanti.
712 2046 763 2106 sed
781 2056 815 2106 ut
830 2045 869 2106 ita
886 2043 979 2105 dicam
996 2044 1105 2122 agenti,
1128 2045 1230 2107 eadem
1247 2044 1365 2106 licentia

198 2147 258 2190 non
283 2127 423 2192 dabitur?
453 2130 562 2203 Quin'
554 2149 584 2192 m
608 2129 645 2192 iis
660 2130 823 2192 fabularum
842 2128 983 2210 partibus,
1008 2148 1083 2209 quae
1098 2149 1113 2191 a
1130 2149 1216 2211 prosa
1232 2129 1366 2193 oratione

198 2233 286 2312 quam
310 2216 444 2295 proxime
467 2217 577 2278 abesse
595 2216 700 2287 solent,
733 2216 763 2277 in
771 2215 922 2297 epistulis
953 2216 1019 2277 dico
1053 2215 1244 2297 interpositis,
1278 2216 1365 2340 paulo

197 2301 312 2381 saepius
335 2320 435 2381 qnam
448 2302 477 2364 in
501 2300 689 2364 sermonibus
711 2302 785 2364 biari
809 2301 925 2363 ridetur
933 2300 968 2377 ²).
1362 2328 1365 2337 ·

265 2387 418 2448 Accedit
426 2388 505 2467 quod
529 2388 579 2468 qui
600 2396 774 2468 argumenta
792 2397 822 2449 et
837 2387 973 2468 prologos
989 2387 1153 2450 fabularum
1170 2388 1364 2469 scripsetmuut

198 2473 302 2534 eadem
326 2473 426 2535 biandi
449 2492 557 2553 genera
591 2493 689 2555 quae
699 2475 761 2555 ipse
790 2474 910 2536 Plautus
940 2473 1111 2546 admittunt,
1139 2472 1195 2534 nisi
1224 2475 1302 2554 quod
1332 2493 1365 2535 ea

199 2559 318 2619 licentia
341 2558 723 2623 immoderatius-utuntur.
769 2563 865 2641 Atque
888 2559 941 2621 viri
971 2559 1049 2621 docti
1081 2559 1226 2631 dubitant,
1256 2577 1293 2621 an
1321 2560 1365 2620 bis

198 2644 402 2744 scriptoribus
428 2646 524 2707 hiatus
561 2646 649 2708 tribui
683 2645 820 2727 possiet).
851 2645 981 2744 Prologi
1012 2653 1110 2706 autem
1138 2652 1168 2706 et
1191 2656 1364 2725 argumenta

198 2731 370 2826 posterioris
394 2732 498 2794 aetatis
514 2739 594 2804 sunt,
616 2750 674 2812 qna
692 2731 763 2793 biari
781 2731 873 2810 magis
892 2732 1042 2811 magisque
1058 2729 1185 2792 desitum
1202 2741 1255 2792 est
1294 2731 1366 2792 lndo

197 2815 286 2895 igitur
308 2817 403 2896 colligi
426 2835 515 2914 posse
536 2825 609 2896 puto
633 2819 686 2878 bos
709 2817 868 2907 scriptores
898 2816 1046 2878 hiatum
1039 2834 1069 2876 m
1094 2816 1235 2878 Plautinis
1258 2814 1365 2877 tabulis

199 2899 275 2961 band
300 2920 365 2962 raro
389 2902 539 2964 invenisse
560 2922 685 2984 eamque
702 2901 740 2964 ob
756 2920 885 2975 causam,
909 2911 943 2964 ut
958 2901 1088 2982 ipsorum
1105 2902 1199 2965 oratio
1216 2902 1365 2982 antiquior

199 2986 347 3060 evaderet,
371 2985 405 3048 ab
429 2987 478 3049 illo
501 2989 656 3068 accepisse
1364 3018 1367 3030 ι

284 3034 450 3153 Dedique
442 3092 538 3154 ipsum
562 3074 723 3136 Tullium'
715 3091 744 3134 m
769 3072 949 3135 carminibus
971 3073 1136 3135 scribendis
1160 3073 1249 3135 semel
1273 3081 1363 3153 atque

198 3155 308 3219 iterum
332 3159 445 3220 vocales
469 3178 529 3221 non
553 3158 743 3223 coniunxisse
766 3166 894 3220 constat.
940 3160 971 3220 ln
1008 3161 1064 3220 hoc
1093 3166 1191 3221 autem
1221 3158 1365 3237 scriptore

202 3252 235 3305 ut
266 3245 296 3304 in
326 3244 483 3324 Vergilio⁴)
518 3245 640 3327 aliisque
668 3245 697 3306 id
725 3252 874 3315 excusant,
909 3245 986 3324 quod
1017 3254 1067 3307 aut
1095 3244 1233 3307 vocabula
1256 3244 1364 3307 Graeca

197 3329 353 3407 posuerint
375 3330 406 3391 in
429 3330 564 3393 versibus
588 3331 691 3392 autin
716 3329 913 3393 eocarmine
936 3331 1090 3402 hiaverint,
1119 3330 1197 3410 quod
1226 3348 1364 3392 sermone

197 3415 301 3478 liatirio
326 3415 512 3496 interpretati
534 3417 608 3490 sint,
640 3416 677 3479 ita
701 3423 733 3477 ut
761 3416 856 3477 hiatus
880 3417 981 3478 Graeci
1005 3412 1165 3478 admonere
1188 3416 1288 3477 velint.
1333 3416 1365 3476 Si

196 3510 296 3563 autem
321 3501 357 3562 ob
381 3521 445 3564 eam
469 3520 531 3564 rem
556 3503 637 3564 hiare
660 3501 772 3564 licitum
797 3510 871 3575 erat,
894 3501 988 3582 qnid‘l
1020 3503 1048 3563 in
1072 3503 1187 3574 Plauto,
1222 3503 1272 3581 qui
1302 3501 1364 3582 ipse

197 3587 320 3648 Graecas
342 3587 455 3649 fabulas
478 3588 595 3650 Graecis
618 3587 751 3651 numeris
775 3587 873 3661 vertit,
898 3606 999 3650 nonne
1022 3606 1144 3668 prorsus
1161 3587 1363 3650 eademexcu-

196 3672 311 3734 satione
334 3669 477 3735 utemur?

284 3759 331 3820 Vel
354 3758 426 3821 baec
448 3777 564 3821 summa
589 3759 738 3821 meditatio
761 3759 849 3821 docet
872 3758 979 3821 mirum
1003 3776 1063 3820 uon
1089 3777 1161 3832 esse,
1196 3758 1220 3820 si
1245 3758 1365 3820 Plautus

196 3844 330 3924 priorum
355 3845 558 3908 auctoritatem
582 3855 704 3909 secutus
737 3843 772 3907 ab
802 3845 883 3907 biatu
913 3863 974 3908 non
1002 3845 1165 3909 abborruit.
1211 3845 1364 3918 Quatenus

264 4046 285 4109 ¹)
304 4045 419 4113 exemplu
437 4046 539 4097 conlatu
552 4046 656 4097 bubos
648 4062 673 4097 ιιι
687 4043 760 4097 (11111.
779 4045 900 4098 ΜιιιιΙΙιιί
920 4044 1039 4097 Prosodia
1054 4045 1275 4111 Plautiuuliiorol.
1290 4044 1364 4104 1869)

196 4130 218 4180 p
240 4117 268 4166 11
286 4130 337 4180 1ι.,
356 4116 395 4178 bi,
415 4115 455 4179 811,
475 4115 570 4182 22ιιι.;
595 4115 643 4165 buc
667 4115 791 4167 accedunt
814 4115 940 4182 Suppleu.
965 4115 1066 4183 pronod.
1092 4112 1175 4166 Plaut.
1198 4117 1266 4177 (lior.
1289 4116 1366 4177 1871)

239 4185 309 4233 bs

197 4199 218 4246 p
262 4200 326 4318 θην.
347 4251 401 4304 Uss.
420 4251 488 4303 Prol.
508 4252 547 4303 Pl.
566 4253 617 4305 vol.
637 4250 686 4319 lp.
701 4251 751 4302 218
769 4267 824 4303 cum
843 4253 929 4303 adnot.

260 4319 400 4386 ο)ν.11ιιι.
429 4321 621 4387 Prolpton·
644 4319 740 4372 nicaen.
768 4320 860 4388 Opuso.
883 4322 943 4388 phil.
962 4319 984 4371 ll
1003 4320 1070 4388 Lips.
1093 4322 1157 4374 1868
1176 4338 1199 4389 p.
1209 4321 1307 4389 litsq.
1326 4319 1363 4372 (ll.

194 4385 292 4440 bitsclr.
311 4387 379 4440 Prol
397 4389 441 4441 Tr.
460 4407 482 4457 p.
502 4390 560 4443 ³19.

263 4459 327 4526 ⁴)v.
347 4458 481 4524 Biolingl.
501 4459 518 4511 l.
537 4475 562 4526 p.
581 4460 622 4510 60.
