2902 4890
615 282 840 346 -36-

136 480 190 542 prae
216 459 379 532 scribatur;
400 460 449 521 alii
471 478 521 540 epo
543 459 679 522 iniciunt.
724 460 754 522 3.
776 461 881 523 Bacch.
897 460 928 532 3,
943 461 973 534 3,
988 461 1044 522 nt:
1070 463 1205 542 pymnost‘
1221 477 1309 539 proe-

134 548 208 627 fecto
227 543 232 626 Ι
251 546 330 607 baud
354 546 504 607 acdiocris
531 564 639 625 poenos
662 548 816 626 perderem
843 565 910 608 cum
944 547 1081 610 llitscbel.
1114 557 1310 625 transponere

133 633 229 712 praef.
243 649 352 712 poenos
365 632 444 693 baud
458 651 497 693 m.
510 633 648 710 penderes
663 633 865 693 necessarium
882 649 943 693 non
958 641 1017 707 est;
1040 653 1073 694 ea
1089 633 1169 693 enirn
1189 649 1309 692 mesura

136 736 213 798 quae
239 726 309 796 post
334 725 471 796 quartam
500 718 591 778 arsim
618 718 736 789 incidit,
763 736 823 778 nou
850 718 891 778 ita
915 737 984 780 raro
1011 719 1088 798 apud
1119 718 1260 778 Plautum
1283 725 1310 776 et

136 803 309 864 'ferentium
330 802 494 863 invenitur.
524 804 553 863 4.
570 803 674 865 Bacch.
691 802 721 875 3,
737 802 767 876 3,
782 803 838 864 24:
859 804 1010 876 ibicum,
1033 804 1176 875 ludendo,
1195 799 1201 883 Ι
1219 802 1308 873 bustu

135 889 217 960 uteo,
240 887 381 968 praepilatas,
400 888 479 968 pilo3
506 888 620 950 biatum
648 889 824 968 Spengelius
846 888 953 967 (Plaut.
970 909 998 969 p.
1015 888 1092 968 221)
1117 897 1233 950 tutatus
1257 896 1310 957 est,

137 973 312 1037 Bitscbelins
346 973 393 1048 (N.
409 992 470 1034 exc.
488 975 515 1045 1,
532 973 585 1050 63)
615 975 770 1036 luctandod
797 977 892 1035 forma
926 975 1063 1048 sustuli13
1090 975 1162 1035 olim
1191 973 1240 1034 bic
1267 973 1310 1033 vir

139 1061 246 1121 doctus
264 1078 332 1121 cum
346 1059 517 1120 Hermanno
536 1079 640 1121 vocum
654 1061 737 1121 lanata
750 1060 827 1121 disco
842 1061 976 1121 ordinem
993 1061 1164 1122 inverterat.
1187 1061 1218 1120 5.
1235 1059 1308 1119 lien.

138 1146 166 1218 1,
181 1146 212 1218 4,
227 1145 264 1205 5:
290 1163 360 1206 acm
379 1148 526 1223 parasitus
553 1156 614 1207 octo
633 1146 638 1224 1
656 1146 803 1206 bominum
829 1164 936 1206 munau
960 1146 1047 1224 focile
1073 1147 1226 1225 sospitam
1247 1144 1309 1204 Rit-

137 1229 266 1292 scbelius
289 1249 358 1291 cum
381 1229 496 1291 Murato
520 1233 595 1292 male
616 1231 661 1291 sic
682 1232 842 1292 ordinavit:
867 1241 926 1292 octo
948 1250 1054 1292 munus
1067 1231 1227 1299 bominum,
1249 1247 1308 1290 nou

136 1316 242 1378 melius
265 1315 395 1392 Guyetus
420 1319 569 1395 parasitus
593 1315 741 1377 bominum
767 1335 872 1378 munus
898 1326 976 1389 octo;
1003 1316 1162 1379 Muellerus
1191 1315 1310 1396 (Suppl.

137 1418 215 1480 pros.
239 1422 269 1482 p.
286 1401 339 1475 97)
360 1400 509 1462 bominem
533 1397 648 1484 (3333)
672 1421 777 1462 munus
798 1403 988 1464 scribendum
1006 1413 1114 1463 censet.
1139 1401 1309 1479 Bergkius¹l

136 1505 206 1548 vero
229 1494 343 1548 servata
365 1487 499 1548 codicum
523 1487 658 1548 omnium
682 1487 823 1548 memoria
849 1489 1002 1550 deforma
1023 1489 1178 1549 umanum
1201 1487 1310 1566 cogita·

136 1571 188 1645 rit,
215 1572 252 1633 de
281 1591 339 1651 qua
367 1572 471 1651 paucis
503 1572 662 1633 dicendum
693 1584 748 1635 est.
798 1573 838 1633 Ea
872 1573 960 1650 igitur
995 1574 1135 1652 exemplis
1169 1572 1310 1634 Plautinis

135 1657 235 1719 iulciri
257 1657 372 1736 nequit.
417 1658 491 1718 Nam
513 1658 544 1718 in
567 1658 674 1719 Persae
696 1660 826 1728 versui,
843 1657 908 1729 2,2
930 1659 1008 1720 solus
1029 1676 1078 1738 epo
1101 1659 1310 1720 3333113333-

136 1743 209 1805 tidto
230 1742 326 1823 focile,
348 1746 538 1804 moereamus
558 1743 706 1805 Murcum
731 1754 764 1805 ut
784 1747 880 1804 uiuam
906 1745 937 1805 in
961 1745 1065 1806 Vetere
1086 1744 1189 1805 codice
1212 1745 1310 1806 bomo

135 1847 207 1890 nem
228 1849 244 1889 a
268 1847 350 1888 mero
372 1829 484 1889 librarii
506 1848 608 1890 errore
629 1831 795 1908 proiectum
819 1840 874 1898 est.
897 1848 994 1909 neque
1015 1831 1112 1891 locum
1130 1829 1233 1903 babet,
1256 1829 1311 1890 sire

137 1922 314 1993 anapaestos
344 1913 405 1974 sive
431 1913 598 1975 trochaicos
627 1933 768 1976 numeros
796 1915 951 1976 describas.
996 1916 1099 1995 Neque
1127 1915 1213 1976 aliter
1243 1914 1309 1976 illud

135 1999 294 2061 homoinem
315 1997 439 2078 (Pseud.
456 2000 486 2069 2,
501 2001 531 2071 4,
547 2000 601 2074 44)
617 2001 772 2062 manifesto
790 2000 898 2061 mendo
913 2001 1046 2062 debetur.
1078 2001 1191 2062 Petitur
1214 2011 1307 2063 auten

136 2085 183 2145 illa
205 2085 301 2145 forma
322 2103 358 2145 ex
381 2084 542 2158 Prisciano,
564 2085 614 2164 qui
638 2085 763 2160 (11206
779 2086 825 2147 ed.
842 2085 958 2166 Hertz.)
1002 2087 1133 2147 Ennium
1160 2096 1308 2147 auctorem

137 2169 233 2230 adfert
254 2169 300 2231 bis
323 2168 433 2231 verbis:
462 2174 645 2232 occatoatmi
670 2181 767 2233 tamen
788 2175 873 2234 etiam
894 2173 975 2233 mano
997 2173 1126 2234 bommris
1148 2172 1310 2234 declam-

135 2264 217 2316 aactt.
251 2256 377 2317 Kouma:
405 2255 539 2317 Volturcio
560 2259 593 2315 iu
617 2260 707 2335 spinis
728 2261 864 2318 macrum
885 2257 1038 2319 recumbet
1058 2258 1219 2319 bcmoceac.
1252 2255 1311 2319 Heu

137 2359 224 2421 wem
245 2341 357 2402 medela·
377 2342 513 2413 coadcbct
534 2341 663 2403 membro
684 2343 824 2422 sepulcro.
856 2344 975 2421 (dunel.
988 2363 1013 2403 r.
1031 2345 1089 2403 141
1105 2350 1173 2423 sq.).
1221 2345 1311 2424 Atque

137 2427 266 2487 eundem
282 2425 371 2487 Ennii
386 2427 483 2488 locum
499 2427 605 2489 Festus
620 2437 688 2488 ante
704 2429 804 2489 oculos
826 2428 963 2490 babuisse
979 2429 1103 2501 videtur,
1128 2448 1196 2490 cum
1210 2450 1241 2509 p.
1255 2428 1310 2490 11111

136 2511 269 2589 (betam
287 2512 418 2573 bumana
444 2524 471 2575 et
490 2512 638 2574 lamonem
651 2514 793 2575 bombum
808 2514 947 2590 dicebant)
969 2516 1096 2577 eundem
1113 2516 1311 2577 accusativum

136 2599 244 2659 laudat.
290 2597 327 2658 Et
348 2615 387 2658 ne
409 2597 558 2660 Charisius
581 2600 701 2678 quidem
723 2608 774 2660 aut
795 2599 918 2661 Servius
939 2601 1016 2662 aliud
1039 2601 1208 2679 exemplum
1232 2601 1310 2662 adle-

136 2693 217 2744 runt.
262 2683 315 2744 His
338 2683 427 2760 igitur
448 2684 574 2745 testibus
606 2703 679 2746 usus
709 2703 777 2745 cum
805 2685 927 2764 Bergkio
957 2704 1172 2764 saepenumero
1195 2687 1312 2747 Brixius

136 2769 264 2830 lomom‘s
289 2768 439 2830 tamarem
461 2769 497 2829 al.
525 2770 557 2830 in
585 2771 801 2848 exemplaribus
829 2770 956 2850 scripsit.
1001 2772 1043 2831 Ex
1072 2771 1118 2833 bis
1140 2790 1311 2852 cognoscas,

136 2853 274 2916 simodo
298 2854 449 2915 Plautinas
464 2872 529 2915 esse
552 2855 604 2916 bas
619 2858 731 2916 formas
747 2857 952 2928 iudicavimus,
975 2857 1130 2936 permultis
1152 2857 1225 2920 locis
1249 2857 1312 2919 bia·

137 2950 202 3001 tum
226 2938 276 2998 tali
299 2939 388 3000 modo
411 2938 506 3000 eximi.
547 2941 586 3000 At
611 2959 675 3001 eam
699 2942 792 3020 ipsam
815 2941 853 3002 ob
872 2960 990 3003 causam
1007 2941 1151 3004 dubitatio
1168 2943 1311 3004 movenda

137 3033 199 3084 est:
227 3023 296 3084 inde
318 3024 398 3085 enim
430 3024 509 3103 quod
534 3025 641 3088 totiens
663 3028 778 3088 lormae
805 3027 1006 3088 restituendae
1026 3037 1113 3099 sunt,
1144 3030 1311 3091 necessario

137 3127 325 3188 consequens
347 3118 400 3182 est,
423 3119 456 3170 ut
478 3129 562 3172 more
584 3123 720 3191 receptae
747 3113 860 3174 luerint
886 3131 1048 3193 earumque
1077 3132 1147 3174 usus
1170 3114 1312 3176 latissime

136 3203 245 3274 pateat.
290 3195 321 3256 ld
344 3203 529 3258 tamencum
553 3197 696 3258 Prisciani
711 3197 807 3259 verbis
824 3199 869 3258 vir
891 3198 1048 3271 consentit,
1071 3198 1120 3278 qui
1136 3201 1311 3278 praesertim

137 3298 231 3342 unum
255 3283 423 3360 exemplum
446 3281 552 3343 babeat
574 3283 755 3353 Ennianum,
779 3284 867 3362 idque
882 3286 914 3345 in
929 3294 1025 3345 metro
1050 3284 1233 3363 dactylico²).
1256 3287 1312 3347 Sed

137 3366 323 3428 redeundum
357 3376 403 3428 est
436 3367 468 3427 in
498 3368 584 3428 viam.
629 3368 658 3428 6.
683 3369 757 3429 Men.
771 3369 801 3438 5,
818 3370 847 3438 9,
864 3370 922 3431 ut:
957 3371 1033 3450 quod
1058 3389 1136 3431 nuuc
1168 3381 1223 3441 est,
1251 3371 1312 3433 Me·

136 3451 287 3524 amoma
306 3449 310 3532 Ι
329 3451 414 3513 iilum
435 3463 495 3514 tum
517 3453 656 3515 vocabunt
677 3453 820 3526 Sosiclem
843 3456 1021 3517 Ritscbelius
1043 3455 1150 3516 illoucc
1172 3456 1205 3517 in
1228 3465 1312 3519 textu

137 3538 247 3616 posuit,
270 3555 360 3617 quam
382 3538 510 3600 formam
534 3540 693 3600 Muellerus
715 3541 832 3619 (Suppi.
850 3558 928 3619 pros.
946 3542 987 3601 Pl.
1005 3559 1034 3620 p.
1053 3540 1112 3602 130
1124 3541 1184 3620 sq.)
1200 3544 1312 3622 optimo

137 3623 202 3684 iure
224 3621 392 3690 addubitat:
414 3623 440 3683 is
462 3624 551 3702 igitur
565 3625 650 3686 illum
667 3620 802 3707 (oman)
819 3635 889 3698 tom,
911 3626 1116 3687 Fleckeisenus
1141 3623 1212 3710 (ct)
1229 3628 1312 3690 illum

136 3708 327 3770 inducebant.
373 3710 401 3769 7.
424 3707 482 3769 Mil.
498 3711 527 3781 4,
545 3709 574 3783 8,
591 3709 646 3771 33;
677 3730 762 3790 quom
785 3711 835 3773 obs
857 3722 884 3772 tc
906 3712 1014 3773 abeam.
1037 3750 1078 3759 -
1101 3711 1157 3773 Fer
1179 3712 1293 3795 aequo}

137 3797 241 3855 animo.
267 3828 300 3838 -
314 3792 379 3855 Scio
401 3811 449 3873 epo
465 3797 532 3874 quid
547 3797 641 3857 dolcat
655 3797 738 3871 oribe}
754 3797 931 3860 Ritscbelius
947 3797 994 3875 (N.
1008 3817 1069 3859 exc.
1088 3799 1115 3869 1,
1132 3797 1186 3878 64)
1203 3799 1312 3880 acquod

136 3879 249 3961 recipit.
272 3880 353 3941 idem
376 3900 444 3941 vero
468 3899 567 3942 errare
590 3883 713 3955 videtur,
737 3903 805 3945 cum
820 3884 939 3946 alteram
958 3902 1059 3945 versus
1075 3892 1188 3961 partem
1212 3889 1311 3946 scio..

136 3966 208 4026 mibi
233 3975 266 4026 ut
293 3984 328 4026 ex
352 3984 440 4028 versu
462 3967 491 4039 4,
508 3965 537 4039 8,
556 3967 595 4027 15
618 3986 719 4028 errore
752 3968 887 4031 iteratam
909 3971 1030 4031 damnat
1057 3987 1220 4050 versusque
1241 3969 1310 4032 333

206 4139 227 4205 ¹)
244 4157 269 4192 v.
289 4139 361 4192 Studa
379 4139 463 4193 Plant.
481 4140 508 4190 in
525 4139 619 4191 Pbilol.
639 4143 669 4192 17
688 4156 712 4192 a.
732 4141 794 4194 1861
814 4160 838 4209 p.
851 4145 884 4196 54
896 4160 933 4211 sq.
953 4143 1054 4211 (Opusc.
1073 4142 1157 4208 phili
1175 4144 1233 4196 lial.
1246 4144 1311 4197 1884

138 4208 482 4338 Ι’.14171883111ζιι1111331331133
505 4277 646 4344 prudenter
668 4277 698 4330 de
716 4279 755 4329 his
780 4281 904 4332 obsoletis
922 4279 1010 4332 formis
1029 4280 1169 4345 iudicavi13
1196 4297 1222 4333 v.
1241 4279 1308 4332 Prol.

137 4343 214 4480 Epa.
229 4360 265 4466 po
271 4345 318 4481 ¹:13
336 4346 392 4399 adn.
414 4375 447 4383 -
474 4346 510 4396 llo
538 4347 686 4398 ‘homonum’
704 4348 738 4399 al.
766 4350 866 4400 dubitat
891 4349 978 4401 Mucll.
1005 4346 1077 4400 Pros.
1096 4365 1119 4415 p.
1134 4350 1184 4406 502
1203 4351 1261 4402 adu.
1280 4350 1307 4412 15
