2856 4904
580 300 776 364 ..5-

92 487 192 539 autem
229 497 296 539 eum
326 479 477 539 admiserit
506 500 615 559 quasve
644 481 721 559 leges
745 479 775 541 in
804 479 987 543 admittendo
1022 484 1192 555 servaverit,
1229 505 1264 546 ex

92 563 243 625 codicibus
276 564 419 626 Plautinis
454 566 566 626 discere
600 576 628 627 et
661 584 823 646 possumus
858 576 887 627 et
921 567 1073 629 debemus.
1121 569 1151 630 ld
1183 571 1264 632 enim

92 650 215 711 unicum
239 649 270 710 in
295 650 349 710 hac
370 669 403 710 re
434 651 638 712 testimonium
667 652 824 725 lrabemus3
860 653 905 713 cui
941 652 965 713 si
1000 654 1090 714 iidem
1123 656 1265 718 vellemus

91 735 242 814 abrogare,
266 735 323 814 ipsi
346 735 431 796 nobis
455 737 539 815 quasi
562 737 754 799 fundamenta
777 746 990 799 averteremus.
1021 739 1074 801 Est
1098 759 1170 820 sane
1193 761 1265 803 con·

92 821 257 882 cedendum
271 821 395 893 fabulas,
412 841 471 900 quo
484 824 571 882 modo
587 823 712 884 traditae
728 821 814 883 nobis
831 832 911 896 sunt,
929 842 1116 904 nequaquam
1133 826 1265 906 integras

93 927 170 978 esse,
183 906 211 966 id
226 907 305 986 quod
321 926 356 967 ex
366 907 553 969 Ambrosiani
565 908 630 969 libri
645 927 711 969 cum
727 907 868 968 Palatinis
881 909 1036 971 collatione
1050 911 1152 972 elucet.
1169 913 1265 992 Atque

91 995 192 1074 ipsum
209 993 353 1054 vocalium
371 1012 550 1056 concursum
563 993 737 1074 Rescriptus
752 993 903 1055 interdum
920 997 1059 1070 removit3
1083 1015 1263 1078 quamquam

92 1097 156 1140 non
172 1078 282 1140 desunt
297 1078 353 1140 loci
368 1079 547 1141 -totidem
564 1080 625 1141 lere
640 1079 741 1157 sunt1)
755 1113 797 1122 -
809 1078 917 1159 quibus
929 1080 978 1142 hic
989 1081 1082 1143 codex
1095 1083 1264 1158 servaverit,

93 1163 221 1225 Palatini
244 1164 419 1226 sustulerint
442 1164 565 1226 hiatum.
612 1165 714 1246 Neque
737 1183 807 1225 vero
829 1165 887 1227 ulla
910 1166 1027 1227 ratione
1050 1186 1103 1247 per
1125 1168 1179 1229 hos
1201 1178 1261 1231 tam

93 1268 205 1331 paucos
229 1250 309 1311 locos
333 1250 418 1311 nobis
442 1250 566 1312 liberum
591 1259 636 1312 est
658 1251 803 1312 infinitam
820 1259 988 1313 ceterorum
1006 1253 1131 1332 copiam,
1155 1254 1263 1334 quibus

93 1335 228 1396 omnium
263 1335 406 1397 librorum
435 1337 607 1398 testimonio
638 1336 734 1398 hiatus
756 1336 926 1407 lirmautur,
956 1347 1124 1418 corruptam
1149 1349 1262 1420 putare.

92 1423 186 1483 lmmo
209 1420 386 1483 Ritschelius
419 1440 541 1502 prorsus
565 1421 777 1503 improbandus
809 1430 864 1496 est,
897 1422 948 1502 qui
981 1423 1013 1484 in
1036 1424 1262 1503 Prolegomenis

94 1507 263 1568 Trinummi
279 1507 320 1588 (p.
340 1506 398 1570 187
415 1513 472 1588 sq.)
489 1508 602 1571 hiatum
626 1507 835 1588 augustissime
858 1509 998 1571 coercuit.
1030 1509 1104 1571 Nam
1127 1521 1262 1591 praeter-

93 1612 182 1673 quam
206 1593 284 1674 quod
307 1593 372 1674 ipse
395 1593 442 1655 hic
463 1594 507 1655 vir
531 1594 636 1656 doctus
663 1592 800 1674 postea²l
822 1592 879 1655 sibi
906 1594 1050 1674 persuasit
1083 1615 1114 1657 se
1147 1596 1263 1677 longius

93 1697 301 1759 progressum:
326 1679 407 1740 omni
430 1688 508 1742 caret
530 1679 737 1760 probabilitate
760 1687 806 1740 tot
823 1679 905 1741 locos
921 1688 1053 1756 mutare3
1075 1682 1182 1744 deinde
1196 1684 1262 1745 Rit-

96 1765 226 1827 schelius
250 1782 311 1826 non
335 1764 369 1827 ab
393 1765 533 1847 exemplis
556 1767 635 1847 leges
651 1764 769 1847 repetiit
783 1765 898 1845 integro
914 1765 1032 1839 iudicio,
1056 1767 1107 1828 sed
1124 1768 1263 1847 opinione

92 1850 291 1932 praeiudicata
313 1869 377 1913 rem
399 1870 553 1932 aggressus
584 1860 639 1925 est,
674 1850 743 1932 quia
769 1850 841 1912 illud
872 1851 1023 1914 Ciceronis
1057 1853 1091 1913 ad
1122 1853 1262 1915 Plautum

93 1937 243 2018 pertinere
266 1936 459 2011 existimabat,
483 1938 519 2000 dc
542 1957 600 2019 quo
624 1956 699 2018 quae
722 1936 808 1998 uobis
830 1936 985 1999 videantur
1008 1957 1098 2019 supra
1122 1940 1262 2019 exposui-

94 2042 170 2085 mus.
202 2022 326 2104 Propius
349 2024 385 2084 ad
404 2043 504 2085 verum
527 2023 651 2086 accessit
666 2021 885 2102 Spengeliusty,
908 2041 977 2084 cum
1000 2024 1135 2086 codicum
1158 2034 1262 2087 aucto-

93 2109 180 2171 ritate
204 2127 277 2170 usus
300 2109 418 2170 easdem
448 2108 510 2170 fere
539 2127 612 2188 quas
635 2108 669 2170 G.
691 2109 915 2186 Hermannus⁴l
939 2110 1019 2190 leges
1047 2111 1260 2174 constitueret:

94 2197 124 2257 iu
159 2212 278 2257 caesura
309 2195 437 2257 trimetri
471 2195 587 2258 iambici
621 2194 832 2274 semiquinaria
866 2212 927 2256 non
966 2195 1064 2257 minus
1103 2215 1192 2276 quam
1229 2198 1261 2259 iu

93 2280 222 2359 legitima
246 2280 410 2342 tetrametri
434 2280 573 2344 trochaici
595 2280 695 2342 cretici
711 2278 860 2342 bacchiaoi
876 2279 989 2342 hiatum
1006 2282 1121 2343 veniam
1137 2301 1259 2362 prorsus

93 2366 257 2445 legitimam
280 2366 403 2440 habere3
426 2386 515 2446 porro
538 2366 769 2447 relinquendum
793 2384 861 2427 eum
884 2385 948 2428 esse
972 2367 1112 2429 omnibus
1128 2368 1164 2430 iis
1179 2369 1260 2441 locis,

94 2452 202 2533 quibus
235 2452 449 2532 pronuntiandi
486 2452 666 2515 continuitas
703 2450 852 2513 sententia
890 2453 1119 2526 intermittatur,
1161 2463 1194 2515 ut
1230 2455 1263 2515 in

95 2537 259 2600 mutatione
282 2555 487 2617 personarum,
510 2538 542 2601 in
565 2536 837 2610 exclamationibus,
860 2537 892 2598 in
915 2539 1172 2616 appellationibus,
1194 2549 1263 2618 post

95 2626 204 2686 fortem
228 2623 448 2685 distinctionem
472 2624 508 2685 al.
555 2624 588 2685 ln
612 2622 692 2686 hisce
715 2620 806 2684 rebus
829 2623 984 2684 verissime
1005 2624 1144 2685 traditam
1168 2625 1262 2704 scrip-

96 2723 191 2773 turam
216 2709 342 2771 servavit
357 2709 540 2790 Spengelius.
572 2709 653 2770 ldem
670 2708 712 2768 vir
727 2707 832 2770 doctus
848 2709 966 2787 negavit
980 2709 1012 2769 in
1028 2709 1105 2770 thesi
1122 2710 1261 2790 syllabam

96 2799 182 2875 longa
207 2794 298 2857 vocab
327 2795 374 2856 vel
402 2795 499 2857 littera
527 2815 555 2856 m
584 2794 695 2856 finitam
726 2813 850 2874 usquam
879 2794 992 2856 hiatum
1030 2795 1171 2875 recipere,
1205 2797 1262 2857 uisi

96 2880 331 2961 monosyllabum
363 2881 538 2943 vocabulum
567 2890 658 2953 esset3
697 2879 729 2941 iu
769 2881 827 2942 arsi
860 2880 1025 2960 legitimum
1055 2881 1170 2943 hiatum
1199 2882 1263 2944 lieri

95 2978 163 3048 post
196 2966 406 3046 monosyllabas
442 2985 526 3029 voces
556 2967 587 3028 in
612 2966 729 3044 longam
757 2966 886 3028 vocalem
914 2967 959 3027 vel
985 2966 1017 3028 iu
1045 2985 1076 3027 m
1100 2985 1261 3029 consonam

96 3054 248 3126 cadentes,
282 3053 352 3114 dum
386 3053 514 3132 priorem
548 3050 689 3133 syllabam
724 3051 797 3113 arsis
830 3052 861 3112 iu
896 3051 969 3114 duas
1006 3052 1111 3113 breves
1147 3055 1261 3116 solutae

92 3139 243 3201 efficerent
254 3138 277 3213 δ)
295 3148 382 3200 -et
402 3147 471 3218 post
486 3138 637 3211 iambicus,
660 3136 781 3218 quaein
800 3136 883 3198 hiatu
899 3136 1101 3218 pyrrhichium
1118 3139 1260 3201 lacerent.

92 3228 187 3304 Atque
210 3242 283 3286 num
307 3223 483 3305 Spengelius
506 3224 537 3285 in
561 3223 607 3285 his
631 3223 719 3285 rebus
743 3221 852 3284 nimius
875 3223 974 3295 luerit,
1000 3241 1098 3302 neque
1123 3233 1183 3285 tam
1206 3244 1260 3287 an-

92 3310 169 3389 gusti
193 3310 268 3371 tines
292 3309 492 3372 constituendi
514 3309 583 3383 sint,
608 3307 856 3389 disputatiuncula
871 3327 937 3371 mea
953 3309 1098 3389 explicare
1116 3310 1261 3386 conabor,

92 3416 160 3458 nam
185 3395 259 3456 mihi
282 3395 425 3476 proposui
449 3395 599 3458 codicibus
622 3394 780 3475 diligenter
804 3394 978 3456 examinatis
1001 3395 1053 3456 has
1077 3395 1149 3457 duas
1164 3414 1213 3458 res
1229 3397 1260 3458 in

92 3481 297 3562 quaestionem
320 3500 433 3555 vocare,

192 3567 211 3627 l.
234 3585 309 3629 num
332 3567 459 3629 theticae
481 3566 596 3630 vocales
620 3567 724 3646 longae
746 3566 779 3626 in
801 3564 885 3627 hiatu
908 3574 1061 3647 correptae
1083 3567 1160 3642 sint3

175 3652 210 3713 ll.
234 3672 305 3714 num
331 3653 451 3716 Plautus
474 3652 509 3713 iis
534 3653 652 3715 vocibus
675 3651 833 3732 hisyllabis,
857 3669 981 3731 quarum
1006 3653 1134 3714 vocalem
1158 3662 1259 3715 extre-

91 3757 169 3800 mam
197 3746 227 3800 et
259 3738 378 3800 brevem
413 3749 443 3801 et
475 3738 594 3817 longam
628 3738 706 3807 facit,
741 3745 810 3799 aute
838 3745 1015 3817 sequentem
1044 3739 1174 3800 vocalem
1205 3758 1259 3818 pro
1291 3797 1300 3816 ,

92 3824 267 3905 pyrrhichiis
300 3843 371 3887 usus
406 3824 453 3887 sit.
504 3824 577 3886 Cum
612 3833 711 3885 autem
743 3823 779 3884 de
817 3823 919 3885 metris
956 3834 1113 3904 anapaesto
1151 3825 1259 3887 cretico

116 4091 121 4102 ι
159 4022 182 4086 ¹)
199 4021 246 4073 hoc
270 4037 303 4072 ex
325 4021 448 4087 exemplis
471 4017 539 4070 inira
561 4018 654 4070 adlatis
676 4018 821 4086 apparebit3
846 4016 877 4069 ci.
903 4017 1026 4086 Geppert,
1045 4019 1076 4070 de
1099 4020 1154 4071 cod.
1174 4020 1259 4073 Ambr.

92 4090 298 4229 Lfl⁸iy¹3f¹⁷„¹};,
311 4087 924 4224 ppoquspqurpqqsqpqqpqppquqqppqut‘
941 4155 952 4207 r
971 4155 1026 4222 erp.
1043 4155 1107 4208 rece
1127 4173 1150 4223 p.
1163 4157 1257 4224 teotq.

118 4260 121 4265 ι
159 4228 224 4292 ³)in
236 4235 359 4279 ‘extremo
379 4226 446 4277 libro
465 4225 495 4276 Τ.
514 4222 628 4276 Maccius
646 4225 760 4289 Plautus,
779 4222 865 4293 Goett.
886 4225 960 4276 1865.

160 4297 181 4358 ⁴)
198 4297 280 4347 Elem.
299 4298 381 4346 doctr.
399 4302 474 4346 metr.
493 4294 647 4361 Lipssteto
666 4311 689 4361 p.
709 4293 857 4360 ltldsqfal.
889 4306 892 4310 ’
917 4301 918 4306 ’
1184 4348 1186 4353 ,

160 4367 180 4429 ⁸)
198 4366 262 4416 hano
280 4365 362 4430 legant
381 4363 516 4416 constituit
533 4362 664 4414 Bentleius
677 4363 771 4415 ‘Scbad
791 4364 821 4413 da
833 4366 915 4414 nnete.
927 4360 986 4413 rer:
1000 4378 1022 4428 p.
1036 4360 1105 4412 Xllll
1117 4369 1186 4413 extr.
1205 4363 1260 4415 edi-

93 4435 172 4486 tionis
190 4433 359 4486 Terentianae
377 4432 411 4499 (a.
431 4432 496 4484 1726
515 4430 630 4498 Cantab.)
711 4462 713 4466 »
