2856 4904
671 327 892 391 ...82-

194 504 279 586 Epid.
294 507 320 574 1,
336 507 364 579 1,
377 503 431 567 87:
445 524 569 586 hequem
588 503 593 587 Ι
612 506 694 567 homo
712 503 717 587 Ι
737 525 775 580 ea,
790 505 922 585 Epidt'm3
938 503 1111 583 Spengelius
1128 512 1218 583 atque
1234 501 1367 562 editores

195 610 249 671 pro
272 591 398 653 dimetro
420 592 527 653 cretico
550 591 705 672 accipiunt.
737 592 773 652 Et
789 609 892 652 versus
913 609 929 651 a
950 589 990 651 79
1006 590 1042 651 ad
1058 587 1098 652 86
1114 586 1273 669 compositi
1295 597 1369 650 sunt

195 697 231 739 ex
253 677 387 739 dimetris
410 677 526 739 creticis
547 686 577 738 et
599 677 777 756 septenariis
798 675 954 738 trochaicis
977 676 1028 756 qui
1050 675 1169 737 alternis
1185 672 1301 735 vicibus
1317 692 1368 734 se—

196 783 229 824 se
251 763 410 843 excipiunt.
446 764 504 824 Sed
527 782 594 824 curn
618 763 760 825 dimetros
783 761 933 843 praemitti
957 762 989 822 in
1012 768 1113 840 aperto
1136 762 1175 822 sit
1198 763 1237 836 (v.
1256 759 1368 839 Speng.

195 849 288 910 Plaut
314 848 373 910 165
388 851 456 930 sq),
480 868 496 910 a
517 867 605 911 versu
628 847 668 909 87
692 848 857 911 trochaicos
881 847 1024 909 dimetros
1046 846 1177 927 incipere
1200 845 1276 906 mihi
1298 863 1369 925 per-

196 953 317 998 suasum
338 943 393 998 est.

283 1147 379 1227 Atque
399 1146 475 1207 haec
496 1151 568 1207 sunt
589 1145 720 1226 exempla
744 1165 778 1206 ex
794 1145 998 1227 septendecim
1019 1144 1114 1207 Plauti
1130 1143 1237 1206 fabulis
1253 1143 1369 1217 collata,

197 1232 248 1293 ubi
270 1230 465 1313 polysyllabae
489 1249 574 1292 voces
598 1232 683 1310 longa
706 1231 797 1293 vocali
812 1230 858 1293 vel
882 1250 912 1292 m
934 1231 1032 1292 littera
1055 1229 1156 1292 finitae
1178 1229 1210 1290 in
1231 1230 1308 1292 thesi
1330 1231 1371 1291 ita

198 1317 348 1379 vocalibus
372 1317 563 1396 excipiantur,
588 1325 621 1378 ut
637 1317 765 1388 vocalem
789 1324 951 1379 extremam
968 1316 1122 1377 retineant.
1154 1315 1265 1377 Eorum
1280 1315 1372 1394 igitur

197 1403 292 1465 multa
319 1402 464 1464 incisione
494 1401 623 1480 legitima
651 1410 702 1464 aut
730 1420 857 1482 persona
887 1402 1000 1464 mutata
1029 1402 1148 1463 delendi
1171 1419 1257 1481 posse
1280 1420 1370 1482 supra

200 1489 345 1551 diximus:
376 1488 429 1549 sed
452 1488 521 1568 quid
545 1485 663 1549 cetera?
691 1488 931 1550 emendenturne
954 1497 987 1549 ut
1009 1495 1148 1568 corrupta
1171 1505 1294 1549 necesse
1317 1496 1371 1560 est,

199 1574 450 1656 quemadmodum
481 1573 516 1635 ab
539 1573 699 1635 Ritschelio
730 1574 851 1654 aliisque
873 1574 980 1636 criticis
1010 1569 1268 1637 emendabantur?
1301 1571 1372 1634 Mihi

200 1660 372 1741 quidem-
387 1670 595 1740 praeterquam
619 1659 697 1740 quod
721 1658 892 1740 saepissime
914 1666 1148 1738 corrumpuntur
1170 1677 1286 1731 versus,
1309 1677 1372 1720 non

200 1745 391 1826 corriguntur
413 1780 455 1789 -
476 1763 539 1806 non
561 1745 650 1805 modo
673 1763 735 1807 non
757 1744 918 1827 probabile,
952 1763 1055 1807 verum
1085 1745 1173 1806 etiam
1198 1763 1373 1825 perversum

200 1832 315 1894 videtur
347 1839 406 1893 tam
440 1830 576 1891 infinitos
604 1839 633 1892 et
663 1839 725 1892 tam
755 1849 840 1912 pares
862 1831 994 1893 eiusdem
1018 1831 1134 1910 generis
1157 1831 1237 1892 locos
1261 1832 1373 1893 nullam

200 1918 286 1981 aliam
308 1917 346 1978 ob
370 1935 487 1978 causam
512 1924 694 1978 commutare
717 1918 800 1989 velle,
823 1936 912 1996 quam
935 1916 1013 1996 quod
1029 1917 1172 1978 vocalium
1193 1934 1374 1979 concursum

201 2003 353 2086 praebent.
397 2003 493 2083 Atque
515 2003 585 2063 satis
609 2004 717 2063 multos
740 2020 841 2063 versus
864 2003 904 2063 ita
927 2011 1112 2083 comparatos
1143 2021 1209 2063 esse
1236 2003 1373 2065 ostendi-

203 2106 280 2161 mus,
302 2096 336 2150 ut
359 2087 455 2149 hiatus
479 2087 625 2167 expellere
646 2086 702 2148 nisi
726 2106 792 2149 cum
817 2105 924 2168 magno
948 2087 1089 2151 orationis
1112 2087 1291 2150 detrimento
1308 2108 1374 2150 om-

201 2174 273 2236 nino
296 2191 356 2234 non
372 2173 466 2234 liceat.
498 2172 617 2234 Accedit
632 2174 729 2245 etiam,
753 2174 832 2253 quod
848 2173 879 2233 in
895 2173 1076 2252 corrigendis
1091 2173 1215 2252 singulis
1232 2175 1374 2256 exemplis

203 2260 277 2322 alius
300 2258 419 2320 criticus
441 2258 521 2319 aliud
544 2258 714 2320 coniectura
736 2267 889 2321 assecutus
912 2269 972 2329 est;
1007 2259 1079 2339 quin
1110 2259 1173 2338 ipse
1195 2259 1375 2322 Ritschelius

203 2363 419 2425 saepenumero
453 2362 547 2406 unum
582 2345 770 2426 eundemque
802 2345 899 2407 locum
928 2344 1015 2406 variis
1045 2344 1141 2406 modis
1170 2345 1259 2407 scribi
1288 2364 1377 2426 posse

204 2431 293 2512 plane
317 2429 482 2491 confitetur.
514 2431 612 2508 dtque
634 2430 689 2491 hac
710 2431 899 2511 potissimum
922 2448 954 2492 re
977 2430 1039 2492 fieri
1062 2429 1160 2504 debet,
1183 2440 1215 2492 ut
1236 2430 1376 2493 traditam

205 2517 381 2596 scripturam
406 2517 564 2578 immutare
585 2516 667 2576 valde
690 2516 878 2592 dubitemus:
912 2534 982 2577 nam
1016 2515 1086 2597 quid
1115 2516 1196 2578 iuvat
1225 2525 1278 2578 aut
1304 2518 1376 2598 quid

204 2604 326 2685 prodest
347 2601 424 2663 scire
446 2602 553 2681 quihus
577 2600 739 2663 rationibus
761 2620 863 2663 versus
885 2602 1075 2681 potuerinta
1098 2609 1185 2682 poeta
1213 2598 1378 2682 componi?

206 2689 301 2750 lmmo
314 2706 372 2769 quo
385 2688 478 2766 magis
490 2688 603 2748 licitum
615 2696 661 2748 est
675 2687 753 2749 varie
769 2687 906 2759 formare,
924 2706 958 2748 eo
982 2687 1075 2766 magis
1097 2688 1241 2750 librorum
1261 2707 1378 2751 memo-

205 2775 266 2836 riae
282 2773 455 2834 habebimus
478 2773 626 2835 rationem
650 2774 923 2852 consideratiusque
945 2773 976 2834 in
998 2772 1150 2834 reiciendo
1173 2773 1378 2836 iudicabimus.

293 2859 329 2918 Et
352 2858 429 2919 idem
453 2859 509 2919 hoc
532 2857 708 2920 Ritschelius
732 2877 810 2919 anno
833 2858 862 2919 h.
885 2878 910 2920 s.
933 2858 1062 2920 LXVllll
1084 2858 1280 2933 intellexerat,
1308 2878 1379 2922 cum

208 2945 240 3006 in
262 2944 352 3005 Novis
376 2943 548 3005 excursibus
570 2943 714 3004 Plautinis
737 2963 765 3023 p.
792 2944 851 3004 120
874 2963 918 3024 sq.
946 2944 1003 3005 hoc
1025 2944 1087 3005 lere
1111 2945 1230 3020 diceret,
1252 2963 1379 3026 pravum

207 3049 274 3092 esse
305 3029 488 3109 minimeque
514 3029 670 3090 ferendum
699 3029 821 3108 posthac
849 3030 953 3091 eodem
982 3031 1069 3091 modo
1099 3050 1157 3111 qno
1186 3041 1253 3092 ante
1283 3039 1380 3093 artem

208 3114 340 3178 criticam
362 3115 393 3175 in
418 3114 512 3176 Plauti
535 3113 641 3176 fabulis
665 3115 805 3177 exerceri.
851 3116 912 3177 Hac
945 3115 1035 3194 igitur
1068 3117 1105 3177 de
1137 3135 1224 3178 causa
1257 3115 1307 3178 ille
1337 3117 1381 3179 vir

209 3203 311 3263 doctus
334 3201 365 3261 in
388 3201 520 3262 tollendo
544 3200 626 3262 hiatu
650 3219 715 3262 earu
737 3201 814 3262 viam
838 3202 987 3281 ingressus
1003 3210 1057 3274 est,
1080 3211 1113 3263 ut
1129 3201 1276 3264 obsoletas
1294 3221 1381 3266 voca-

170 3309 172 3313 ·
209 3287 348 3350 bulorum
371 3289 481 3347 formas
512 3286 542 3346 in
570 3285 685 3348 fabulas
717 3287 864 3349 Plautinas
891 3287 1106 3349 introduceret:
1142 3296 1172 3348 et
1205 3304 1295 3367 saepe
1328 3288 1381 3350 tali

208 3372 322 3434 ratione
346 3372 458 3434 hiatum
482 3371 581 3451 specie
604 3372 724 3454 quidem
741 3373 823 3433 valde
846 3371 1038 3452 probabiliter
1061 3372 1176 3435 exemit.
1206 3373 1272 3434 Huc
1295 3391 1381 3453 spec-

211 3467 275 3520 tant
297 3491 338 3499 —
360 3465 395 3517 ut
414 3456 541 3519 homenis
562 3458 711 3520 homonem
732 3456 874 3522 homones,
901 3459 967 3520 cubi
987 3458 1083 3528 eunde,
1114 3459 1235 3530 hocedie,
1257 3461 1383 3531 simitur,

208 3543 267 3605 illio
296 3543 443 3616 dativum,
477 3544 674 3606 nominativos
703 3544 830 3606 alternos
857 3545 991 3625 oerptttos
1018 3546 1053 3605 al.
1083 3544 1273 3618 omittamus,
1306 3563 1382 3625 quas

107 3678 109 3683 .
209 3629 320 3691 formas
356 3627 514 3689 maximam
549 3630 658 3692 hahere
692 3629 906 3692 dubitationem
936 3647 1023 3712 supra
1051 3629 1319 3691 demonstravimus
1341 3664 1384 3675 -

211 3732 315 3776 omnes
338 3714 403 3774 illae
424 3714 546 3787 formae,
579 3734 651 3794 quas
681 3716 780 3777 addito
804 3716 821 3776 d
844 3716 976 3776 restituit
1002 3724 1053 3777 aut
1079 3715 1136 3777 sibi
1167 3714 1261 3776 finxit.
1306 3714 1384 3777 Nam

212 3801 298 3862 certis
321 3798 465 3861 librorum
488 3799 667 3879 scriptorum
691 3801 870 3862 testimoniis
892 3801 922 3862 id
943 3810 1058 3862 tantum
1084 3809 1209 3873 constat,
1243 3800 1384 3863 Plautum

211 3887 276 3948 med
303 3886 350 3946 ted
377 3892 407 3945 et
434 3884 575 3947 ablativos
604 3895 634 3947 et
662 3887 843 3948 accusativos
874 3887 981 3948 dixisse
1004 3891 1042 3962 (v.
1066 3905 1155 3967 supra
1177 3904 1238 3967 cap.
1263 3886 1317 3962 ld
1344 3887 1384 3964 l).

213 3970 297 4044 Quod
320 3978 419 4032 autem
442 3970 621 4033 Ritschelius
644 3973 801 4033 nominum
824 3971 1080 4034 substantivorum
1110 3980 1141 4033 et
1169 3970 1383 4035 adiectivorum

213 4056 344 4118 ablativis
367 4056 385 4115 d
409 4056 598 4136 adiungebat,
631 4077 664 4120 ea
697 4058 869 4120 testimonia
902 4076 977 4139 quae
1007 4077 1042 4119 ex
1063 4058 1127 4138 ipso
1150 4057 1256 4120 Plauto
1278 4057 1386 4130 adfert,

213 4143 322 4204 uetctcd
343 4148 373 4202 et
395 4142 486 4204 dictod
509 4143 554 4219 (N.
579 4163 640 4205 exc.
667 4143 694 4214 1,
717 4142 757 4204 59
780 4149 849 4224 sul,
882 4162 898 4204 a
932 4143 1109 4206 coniecturis
1131 4143 1263 4224 prolecta
1293 4150 1385 4226 atque

214 4246 302 4306 quam
326 4227 454 4288 maxime
477 4227 573 4303 dubia,
596 4246 634 4289 ne
656 4229 750 4290 dicam
766 4229 837 4290 lalsa
853 4236 923 4290 sunt
931 4226 974 4304 1);
996 4228 1048 4290 sed
1064 4247 1131 4290 cum
1146 4229 1224 4309 apud
1240 4227 1385 4292 Naevium

217 4313 329 4389 legatur
354 4311 459 4374 Troiad
481 4323 511 4375 et
532 4315 562 4375 in
586 4314 829 4393 inscriptionibus
853 4315 982 4376 eiusdem
1006 4314 1107 4375 aetatis
1134 4331 1385 4395 nonnumquam

215 4418 426 4425 ———

283 4450 303 4516 ¹)
322 4467 345 4502 v.
367 4451 456 4515 bergh.
469 4451 553 4518 Symb.
566 4453 597 4504 ad
610 4467 713 4517 gramm
725 4452 754 4503 L.
764 4451 774 4503 l
784 4453 817 4502 64
826 4468 871 4518 sq,
882 4451 914 4502 67
921 4467 974 4517 sq.;
993 4450 1080 4504 Mucll.
1091 4451 1177 4520 Suppl.
1187 4467 1255 4518 pros.
1265 4467 1290 4519 p.
1303 4453 1336 4504 ld
1347 4469 1385 4519 sq.
