2856 4904
599 85 821 149 ..24-

617 370 737 434 cxevr
757 345 796 436 11.

417 528 473 593 De
497 525 757 607 polysyllabis
779 525 990 592 vocabulis.

210 671 251 734 De
286 669 494 750 monosyllabis
524 669 613 748 igitur
636 668 778 749 correptis
812 686 860 729 res
889 667 946 728 iam
975 666 1053 729 inter
1083 668 1160 730 viros
1185 671 1298 740 doctos,

124 756 179 820 etsi
195 776 257 819 non
280 757 359 818 inter
375 772 491 828 omnes,
504 754 659 827 convenit3
681 754 757 816 haud
781 754 822 816 ita
843 753 878 815 de
894 754 1088 834 polysyllabis.
1120 754 1298 834 Spengclius

124 843 314 918 euim(Plaut.
333 862 360 922 p.
372 839 434 902 232
447 839 505 921 sq.)
518 839 777 920 negatcommissis
792 839 870 901 inter
883 859 914 901 se
924 839 1018 902 verbis
1028 838 1156 911 duobus,
1168 861 1298 921 quorum

124 925 423 1011 priuspolysyllabum
437 926 473 988 sit
486 934 516 988 et
529 925 560 988 in
573 927 688 1006 longam
703 925 832 988 vocalem
844 926 886 986 vel
900 925 929 986 in
943 925 1158 1006 diphthongum
1172 927 1298 1000 excidat,

124 1014 271 1095 posterius
284 1032 298 1074 a
313 1012 402 1075 vocali
414 1012 546 1093 incipiat,
559 1012 693 1074 ultimam
707 1012 814 1091 prioris
827 1012 905 1073 vocis
918 1013 1047 1072 vocalem
1062 1013 1091 1073 in
1102 1013 1177 1074 thesi
1191 1014 1299 1093 corripi

125 1099 267 1181 potuisse.
294 1098 358 1172 Qua
374 1098 404 1160 in
416 1117 448 1160 re
460 1098 509 1160 tali
522 1097 746 1160 ratiocinatione
758 1097 862 1175 utitur,
875 1104 909 1159 ut
925 1097 1017 1159 dicat:
1035 1116 1102 1160 curu
1114 1117 1182 1177 pars
1197 1098 1298 1161 hiatus

125 1186 327 1266 exemplorum
340 1185 404 1265 ipso
417 1185 517 1246 codice
525 1183 717 1246 Ambrosiano
726 1183 895 1264 expellatur.
909 1202 976 1263 pars
985 1184 1217 1264 transponendo,
1229 1204 1297 1264 pars

125 1271 258 1335 facilibus
282 1270 540 1334 emendationibus
565 1270 717 1338 eximatur,
742 1269 843 1349 quales
867 1269 926 1330 sint
947 1270 1074 1332 hamonis
1096 1288 1150 1351 pro
1176 1269 1300 1333 laniate

127 1357 268 1439 positum,
291 1361 336 1420 ati
348 1377 404 1438 pro
420 1367 461 1428 at,
483 1355 572 1418 illam
593 1356 727 1419 dilatatio
747 1374 802 1435 pro
817 1355 899 1417 illam
913 1355 960 1417 illi
973 1359 1029 1428 isti,
1043 1356 1139 1418 itidem
1153 1373 1207 1435 pro
1222 1361 1298 1426 item,

128 1446 307 1524 caparipatio
328 1461 383 1523 pro
407 1445 584 1522 superpatre,
611 1443 672 1504 dice
693 1459 748 1522 pro
771 1441 814 1503 dic
835 1441 966 1520 aliaeque
988 1476 1038 1513 -,
1070 1460 1119 1502 cos
1142 1441 1223 1503 locos
1247 1443 1298 1522 qui

128 1529 281 1610 supersint
311 1530 412 1591 eadem
437 1528 643 1589 aestimatione
666 1527 841 1608 dignandos,
870 1526 1024 1608 simileque
1054 1527 1113 1588 veri
1144 1545 1210 1588 esse
1234 1528 1299 1590 eius

128 1615 207 1676 modi
231 1614 330 1678 hiatus
351 1615 491 1676 Plautum
514 1613 635 1693 fugisse.
670 1613 748 1675 Haec
762 1613 907 1694 Spengelii
929 1614 1003 1676 ratio
1020 1631 1108 1693 quam
1125 1630 1186 1673 non
1201 1614 1299 1691 gravis

129 1701 178 1772 sit,
202 1719 291 1763 nemo
315 1709 360 1762 est
382 1699 454 1780 quin
478 1699 594 1762 sentiat.
634 1699 836 1780 Respiciamus
865 1698 954 1777 igitur
978 1718 1053 1779 quae
1077 1698 1208 1778 exempla
1232 1695 1301 1761 libri

130 1785 233 1866 scripti
255 1786 403 1858 adierant,
437 1794 525 1865 atque
548 1785 759 1856 examinemus,
793 1785 892 1847 sintne
921 1803 952 1845 ea
986 1785 1024 1846 ita
1052 1792 1233 1864 comparata,
1267 1794 1301 1846 ut

128 1890 248 1933 necesse
270 1871 310 1933 sit
332 1877 495 1933 mutentur.
540 1870 603 1933 lloc
631 1879 729 1932 autem
753 1869 855 1932 ordine
884 1870 919 1931 de
950 1869 1045 1948 longis
1070 1870 1217 1931 vocalibus
1249 1890 1300 1932 ex-

129 1956 232 2019 tremis
254 1955 471 2037 disputabimus
902 2039 908 2051 Ι

506 2060 524 2101 o
567 2060 578 2101 1
620 2059 637 2100 a
680 2059 696 2101 e
740 2058 760 2101 u
804 2058 838 2102 ae
882 2060 927 2114 ⁰¹3

129 2127 329 2207 adiungentur
351 2144 383 2188 ea
407 2124 556 2200 vocabula,
581 2144 655 2205 quae
677 2126 707 2187 in
730 2144 759 2186 m
783 2125 912 2189 litteram
936 2125 1045 2188 exitum
1070 2125 1187 2187 hahent.

563 2303 589 2361 1.
622 2300 709 2363 Deo
739 2301 868 2364 vocali.

217 2428 258 2488 Aa
280 2426 410 2506 primum
435 2446 468 2489 ea
490 2427 666 2508 polysyllaba
682 2427 915 2500 consideramus,
938 2445 1013 2504 quae
1035 2447 1052 2487 ο
1075 2427 1164 2488 vocali
1188 2428 1301 2489 finiun-

130 2522 190 2575 tur.
235 2512 369 2586 Quorum
392 2529 453 2573 non
476 2531 569 2593 pauca
587 2513 718 2593 exempla
741 2513 804 2574 eius
826 2511 943 2592 generis
960 2521 1039 2585 sunt,
1063 2523 1095 2574 ut
1117 2513 1148 2573 in
1170 2512 1301 2590 legitima

129 2616 269 2660 versuum
292 2597 438 2658 incisione
470 2598 568 2659 hiatus
597 2598 750 2659 efficiatur.
794 2596 891 2677 Atque
924 2597 953 2656 hi
987 2616 1088 2657 versus
1119 2616 1178 2677 quo
1211 2599 1301 2659 modo

132 2702 147 2744 a
175 2683 286 2744 criticis
309 2682 495 2743 emendando
516 2682 737 2763 transponendo
768 2682 904 2743 addendo
932 2683 1078 2743 demendo
1101 2683 1208 2744 tentati
1239 2685 1302 2745 sint

137 2785 285 2847 exponere
316 2776 345 2828 et
377 2766 498 2844 longum
530 2778 560 2828 et
589 2768 695 2829 inutile
725 2776 780 2829 est.
825 2767 924 2829 Hiatui
948 2767 1037 2840 enim,
1067 2769 1117 2848 qui
1147 2769 1177 2829 in
1200 2771 1300 2831 medio

132 2853 299 2933 septenario
330 2851 480 2914 trochaico
503 2853 617 2926 accidit,
651 2853 772 2933 abipso
795 2852 955 2915 Ritschelio
989 2853 1028 2930 (v.
1052 2853 1127 2914 Men.
1155 2856 1247 2935 praef.
1271 2875 1300 2935 p.

134 2939 171 2999 111
194 2955 238 3016 sq.
262 2939 313 3018 al.)
336 2938 486 3000 excusatio
510 2939 611 3013 datur3
633 2948 720 3020 atque
743 2939 831 2999 etiam
853 2938 887 3000 in
908 2939 1017 3000 senarii
1039 2938 1156 3001 iambici
1180 2959 1300 3002 caesura

132 3023 244 3085 hiatum
262 3024 347 3086 multi
369 3032 400 3086 et
415 3023 577 3086 doctissimi
593 3025 657 3096 viri,
680 3042 740 3105 quo
763 3024 795 3085 in
811 3042 936 3085 numero
960 3035 1006 3086 est
1021 3025 1170 3086 Vahlenus
1187 3038 1299 3098 noster,

130 3127 251 3172 assensu
274 3128 330 3170 suo
352 3110 623 3190 comprobaverunt.
633 3108 659 3190 ¹)
689 3108 776 3182 Quod
799 3127 865 3170 cum
889 3111 927 3172 ita
951 3111 998 3181 sit,
1022 3130 1125 3172 versus
1142 3111 1206 3171 illos
1224 3131 1299 3173 enu-

134 3213 248 3258 merare
270 3195 340 3256 satir
372 3195 500 3270 habebo,
534 3195 591 3256 nisi
613 3198 690 3258 forte
712 3195 798 3257 aliam
831 3195 869 3256 ob
896 3215 1014 3258 causam
1043 3197 1075 3257 in
1098 3196 1300 3277 suspicionem

135 3289 288 3344 vocantur.

216 3365 355 3429 Senarios
377 3364 468 3443 igitur
489 3367 520 3427 in
540 3366 684 3428 incisione
706 3366 819 3428 hiulcos
842 3367 898 3426 hos
920 3367 1052 3446 repperi:
1087 3368 1193 3448 Amph.
1217 3366 1246 3440 3,
1273 3372 1300 3440 1,

133 3454 186 3515 14;
210 3471 268 3515 esse
290 3451 467 3515 adsimulabo
486 3448 491 3533 1
511 3462 593 3533 atquc
613 3456 645 3514 ia
665 3453 769 3516 borum
788 3451 948 3533 [amilium
970 3451 1033 3513 hul.
1058 3451 1086 3523 3,
1109 3454 1139 3524 5,
1164 3453 1221 3514 34:
1245 3465 1301 3516 stat

128 3537 215 3608 fallo,
235 3538 364 3620 phrypio,
385 3535 390 3617 Ι
410 3538 540 3618 cuasam,
569 3537 705 3613 binariam
740 3557 801 3600 voc.
821 3539 942 3619 phrppa'o
964 3538 995 3599 in
1017 3530 1218 3600 Menaechmis
1245 3540 1301 3619 legi

131 3624 328 3689 certissimum
353 3631 414 3694 est,
437 3641 461 3683 v.
479 3623 507 3697 2,
524 3624 554 3694 3,
571 3624 625 3685 72:
651 3623 679 3694 3,
696 3624 725 3693 2,
742 3624 779 3696 43
806 3625 834 3693 4,
852 3625 878 3693 1,
896 3626 931 3695 53
959 3624 988 3695 4,
1005 3622 1034 3696 2,
1051 3624 1100 3684 54.
1139 3626 1176 3685 ht
1199 3636 1299 3686 tamen

131 3710 271 3771 Goetaius
294 3726 361 3769 cum
388 3708 492 3769 Vetere
519 3707 592 3769 libro
612 3708 732 3789 phyrpio
759 3709 789 3769 in
812 3718 894 3770 textu
918 3709 1025 3788 posuit.
1071 3712 1135 3770 Aul.
1152 3711 1180 3782 4,
1198 3710 1226 3783 6,
1246 3710 1299 3771 13.·

131 3796 252 3876 iadcqaa
274 3792 436 3862 observabo,
458 3793 461 3870 l
481 3812 587 3856 aarum
613 3795 665 3856 aba·
684 3794 835 3856 abstrudat
856 3812 957 3867 seuam
989 3796 1052 3854 hul.
1076 3795 1105 3867 4,
1122 3794 1150 3865 8,
1169 3796 1202 3857 3:
1237 3816 1299 3859 me-

131 3899 247 3943 morare
262 3879 337 3942 aolo.
357 3874 362 3962 Ι
381 3880 528 3941 homiaem
542 3878 785 3950 castabalon)
805 3879 910 3940 Bacch.
928 3880 956 3950 2,
974 3878 1002 3951 3,
1019 3880 1073 3940 45:
1092 3881 1160 3942 dam
1176 3886 1300 3944 circam-

132 3975 233 4047 opccta
254 3968 259 4046 Ι
279 3974 362 4045 atque
384 3984 433 4046 apo
455 3964 577 4027 lembum
600 3969 757 4045 compleam
783 3965 887 4027 Bacch.
912 3965 941 4036 4,
958 3964 988 4036 9,
1008 3963 1081 4026 148:
1114 3968 1228 4029 domam
1250 3987 1300 4029 re-

200 4141 220 4200 ι)
239 4139 303 4189 baud
321 4139 400 4189 alitor
419 4138 523 4190 brixius
541 4137 602 4188 olim
621 4137 758 4201 iudicavit;
776 4155 800 4189 v.
820 4137 885 4188 Meo.
905 4138 943 4187 ed.
957 4137 966 4188 l
980 4155 1001 4203 p.
1014 4140 1028 4187 tl
1039 4155 1076 4205 sq.

201 4209 221 4272 ⁹)
239 4207 272 4259 cl.
290 4206 393 4271 Langon
411 4207 497 4276 Symb.
517 4208 548 4258 ad
567 4209 661 4259 emend.
681 4213 708 4258 et
725 4208 857 4257 anarraad.
882 4205 966 4258 Plaut.
987 4207 1057 4275 bips.
1071 4208 1134 4259 1880
1153 4224 1176 4273 p.
1190 4210 1244 4259 155.
