2856 4904
266 1254 336 1353 De
373 1250 510 1352 hiatu
548 1250 779 1354 Plautino
817 1253 1145 1383 quaestionea

229 1615 280 1709 Τ.
304 1645 394 1708 Macci
418 1646 511 1708 Plauti
535 1647 651 1709 codices
674 1665 741 1709 curn
765 1645 836 1708 satis
860 1646 971 1708 multos
995 1666 1096 1710 versus
1119 1647 1292 1728 praebeant,

122 1735 153 1794 in
171 1733 276 1813 quibus
292 1733 352 1792 hiet
368 1735 472 1805 oratio,
489 1733 588 1794 existit
603 1733 735 1813 quaestio
753 1731 948 1804 subdifficilis,
964 1733 1064 1796 sintne
1080 1734 1179 1796 traditi
1195 1735 1293 1797 hiatus

123 1821 281 1899 inpactae
310 1817 415 1880 fabulis
443 1819 632 1899 relinquendi
663 1836 765 1880 necne.
811 1819 907 1899 Atque
929 1819 1001 1882 haee
1027 1820 1161 1901 quaestio
1183 1838 1239 1902 per
1259 1839 1293 1882 se

126 1905 279 1966 diiudicari
302 1922 362 1964 non
387 1913 493 1983 potest,
517 1905 568 1966 sed
593 1906 668 1967 ratio
690 1904 823 1966 habenda
847 1912 891 1967 est
913 1911 941 1966 et
963 1907 1067 1986 populi
1089 1915 1118 1967 et
1140 1906 1243 1968 aetatis
1264 1915 1295 1968 et

122 2011 157 2050 ex
185 1998 267 2070 parte
294 1989 388 2069 ipsius
421 1999 533 2070 poetae.
580 1990 620 2053 De
649 1990 745 2052 Plauti
780 1991 996 2052 consuetudine
1030 1991 1144 2054 nullum
1179 1990 1293 2054 certum

124 2076 329 2137 testimonium
354 2092 410 2136 nos
435 2076 548 2137 edocet.
595 2079 680 2139 Extat
703 2094 774 2138 sane
796 2076 844 2138 ille
866 2075 904 2136 M.
928 2076 1004 2139 Tulli
1027 2077 1177 2140 Ciceronis
1200 2079 1294 2151 locus,

123 2163 172 2243 qui
196 2162 226 2222 in
249 2159 325 2221 libro
349 2159 482 2222 Oratoris
506 2164 556 2234 44,
576 2161 634 2222 149
648 2181 690 2241 sq.
714 2163 749 2223 de
773 2170 924 2224 oratorum
949 2181 1032 2225 more
1055 2163 1197 2244 loquendi
1220 2163 1293 2226 haec

29 2310 32 2315 ,
123 2248 227 2309 tradit:
251 2246 469 2310 collocabantur
491 2292 498 2308 .
518 2293 524 2306 .
547 2249 643 2319 verba,
661 2293 692 2309 ..
715 2259 748 2309 ot
773 2251 849 2310 irater
869 2267 897 2310 se
920 2267 1006 2329 poam
1029 2252 1172 2330 aptissime
1194 2249 1294 2312 caitae·

12 2349 16 2360 ’
121 2344 206 2394 ream
226 2344 355 2394 extrema
377 2352 441 2394 atam
461 2336 611 2413 proximis,
634 2353 722 2416 capae
736 2338 793 2396 sim
815 2352 900 2414 poam
921 2338 1098 2397 sraoissimis
1118 2335 1240 2398 vocibus.
1259 2378 1293 2395 ..

123 2420 210 2494 (150)
237 2437 307 2479 mom
328 2427 360 2478 rt
388 2423 420 2480 ia
450 2418 701 2498 immineamus,
731 2423 770 2482 sia
800 2423 915 2481 animas
941 2425 972 2482 ia
1002 2421 1119 2483 diemde
1143 2423 1295 2502 prospiciet

122 2505 188 2585 pm‘d
214 2515 363 2585 separator,
396 2524 431 2566 rae
458 2514 652 2567 eatremaram
679 2506 833 2567 verboram
862 2524 927 2567 com
954 2506 1163 2586 itocqmmitos
1192 2509 1295 2586 primis

125 2608 279 2651 cantorem
301 2600 351 2650 aot
373 2590 481 2652 diolcos
502 2609 581 2652 voces
596 2591 705 2671 efficiat
720 2601 770 2653 aot
789 2608 915 2672 asperas.
945 2596 1073 2672 quamvis
1095 2595 1171 2653 mim
1192 2610 1295 2654 suaves

122 2695 276 2757 pravasque
298 2679 465 2747 sententiae,
496 2687 591 2738 tamea
617 2677 812 2739 siiocoaditis
837 2677 930 2739 verbis
951 2678 1121 2760 effermtor,
1152 2678 1295 2759 opmdcm

122 2781 216 2835 oteres,
239 2779 362 2842 quaram
383 2772 424 2823 est
437 2762 575 2824 indiciam
589 2764 828 2843 superbissimam.
859 2763 934 2844 praed
948 2765 1062 2843 peridem
1076 2762 1180 2826 latino
1196 2763 1295 2844 impera

121 2852 161 2909 sic
183 2848 323 2918 observat,
345 2864 427 2909 rema
449 2858 480 2908 ot
502 2858 562 2910 tam
583 2853 707 2912 rusticos
729 2852 781 2922 sit,
810 2851 861 2928 ptri
880 2848 991 2911 natales
1017 2850 1090 2912 nolit
1116 2853 1295 2930 contempera.

123 2933 218 2994 Porro
242 2943 399 3013 postquam
424 2934 460 2993 dc
483 2933 660 2996 Graecorum
685 2953 740 2997 usu
764 2952 856 3014 pauca
878 2934 1001 3008 adtulit,
1025 2935 1209 3015 paragrapho
1234 2935 1294 2995 152

123 3019 233 3098 pergit:
262 3020 310 3080 sed
335 3017 438 3081 Graeci
456 3019 595 3093 m'derittt,·
621 3020 701 3083 trabis
726 3039 762 3082 rae
785 3023 812 3081 si
832 3022 979 3099 capiamus
1005 3021 1116 3101 qnidam
1138 3021 1295 3083 distrahere

122 3123 203 3167 occas
230 3104 396 3166 comoediam.
442 3105 571 3167 iadicem
602 3109 745 3168 orationes
771 3105 840 3168 illae
869 3108 949 3184 ipsae
971 3106 1137 3179 horridulae
1163 3105 1293 3178 Catmis;

122 3191 253 3251 irretirent
275 3208 371 3253 ommes
389 3201 490 3269 poetae
510 3202 626 3271 praeter
646 3210 702 3262 eor,
724 3194 775 3271 poi
795 3201 827 3252 ot
840 3209 954 3253 versam
969 3194 1109 3272 focermt‚
1131 3210 1215 3272 saepe
1229 3191 1294 3253 iia-

124 3276 208 3348 bartt3
229 3285 262 3337 m
285 3275 423 3337 Naevius:
448 3285 506 3339 ‘eos
528 3281 578 3358 pai
595 3276 599 3359 1
619 3277 743 3339 accolitis
764 3275 893 3338 Histriam
914 3277 1036 3356 {lovium
1059 3288 1142 3356 atpae
1157 3275 1295 3357 alpidam'

123 3373 150 3423 et
170 3362 288 3423 ibidem:
312 3367 408 3442 ‘paam
434 3381 591 3443 tammonem
618 3364 693 3425 vobis
717 3359 822 3444 Graiii
843 3373 925 3443 atpm
952 3362 1088 3425 barbari.
1132 3373 1162 3423 at
1183 3362 1295 3423 nenias

123 3447 225 3508 semei:
248 3444 352 3526 ‘Scipio
372 3443 375 3525 i
395 3449 515 3510 ireoictc'.
560 3450 720 3528 etquidem
740 3465 806 3509 raas:
837 3449 896 3510 ‘doc
922 3459 1001 3510 motta
1027 3449 1169 3511 radiantis
1194 3451 1295 3510 etesiae

124 3530 178 3612 'pite
200 3533 275 3594 eada
294 3533 393 3612 pami'.
438 3534 488 3595 icoc
508 3534 583 3595 idem
606 3538 698 3596 nostri
716 3538 828 3614 saepias
849 3552 907 3596 nam
929 3533 1067 3608 tulissem,
1095 3533 1170 3614 qood
1193 3531 1298 3596 Graeci

123 3619 245 3680 laudare
267 3622 353 3680 etiem
375 3620 473 3681 sotem.
498 3655 538 3664 -
561 3620 619 3681 Sed
636 3620 707 3701 quid
731 3621 805 3680 haec
821 3619 969 3682 Ciceronis
993 3619 1079 3682 verba
1102 3620 1137 3682 ad
1154 3619 1292 3681 Plautum

125 3704 248 3785 eiusque
271 3701 421 3767 aetatem?
445 3749 455 3766 -.

209 3790 342 3874 Primam
366 3790 483 3870 quidem
513 3809 547 3852 ex
575 3791 701 3853 oratoris
730 3807 857 3870 persona
884 3792 1000 3853 locutus
1024 3791 1136 3852 hiatum
1161 3789 1292 3862 damnat,

125 3878 154 3938 id
179 3876 255 3956 qnod
279 3896 314 3937 ex
337 3885 478 3938 contextu
505 3876 661 3938 verborum
686 3876 851 3938 luculenter
878 3884 1009 3957 apparet.
1055 3875 1092 3936 tte
1115 3874 1225 3937 oratori
1247 3873 1293 3937 ia-

124 3963 265 4025 oillimum
289 3971 333 4024 est
354 3962 405 4023 tati
428 3963 517 4023 modo
540 3981 626 4023 voces
656 3963 815 4035 collocare,
843 3979 880 4023 ne
909 3963 968 4024 ullo
997 3963 1062 4024 loco
1090 3961 1204 4023 hiatum
1229 3960 1293 4022 etn-

124 4050 218 4111 ciant:
242 4048 319 4109 hand
342 4066 434 4128 aeque
457 4058 560 4129 poetae
583 4047 696 4110 licitum
720 4056 774 4120 est,
797 4047 905 4128 qnippe
926 4048 975 4128 qni
993 4048 1125 4110 numeris
1149 4063 1210 4109 non
1225 4065 1292 4108 raro

124 4134 335 4214 adstringatur.
381 4134 440 4196 latn
470 4153 536 4196 vero
560 4134 654 4195 Plauti
682 4133 820 4196 iudicium
850 4135 1081 4213 superbissimam
1110 4133 1203 4195 inisse
1226 4133 1293 4213 quis

123 4216 326 4282 existimabit?

209 4306 321 4367 deinde
349 4305 384 4366 de
412 4323 464 4366 sna
498 4313 593 4367 aetate
621 4304 737 4366 Tullius
766 4303 908 4385 loquitur.
952 4303 1053 4384 Neque
1086 4323 1154 4366 vero
1188 4322 1292 4365 omnes

124 4400 235 4457 aetates
258 4391 431 4473 parimodo
454 4409 629 4452 concursum
646 4390 789 4452 vocalium
812 4391 1056 4470 perhorruerant.
1100 4390 1173 4453 Naxo
1191 4408 1292 4452 versus

1123 4493 1146 4543 i
