2902 4890
641 286 862 349 ..47-

163 465 193 534 5,
210 464 239 535 2,
255 462 310 525 96:
334 463 403 544 quid
415 461 481 525 ab?
502 467 552 545 qui
562 467 655 543 potuit
669 465 742 544 fieti,
762 459 767 545 Ι
785 473 819 524 ut
836 462 1016 542 Combopt'ui3
1038 461 1193 536 Pseudl,
1211 465 1239 537 5,
1258 462 1335 525 118:

162 553 269 612 uirtute
290 553 352 630 repa·
370 548 517 629 Aputboolt'
533 545 755 634 lautissimis,
779 567 957 629 quamquam
980 549 1011 610 in
1033 549 1131 629 primo
1147 567 1244 622 versu,
1267 568 1336 612 oum

161 635 255 696 Vetus
276 639 326 706 mi,
349 633 525 697 Deourtatus
546 635 621 698 mibi
640 634 811 715 praebeant,
834 634 911 696 haud
933 653 1021 714 praue
1046 631 1139 716 (emt)
1157 635 1228 697 mibi
1246 652 1337 715 repo-

161 721 253 782 nitur.
285 721 319 782 ln
335 720 426 783 altero
442 721 539 783 hiatus
562 722 661 784 nullus
679 728 766 788 esset.
789 721 814 782 si
829 720 896 802 fiere·
909 720 1016 801 pedem
1032 719 1172 782 creticum
1190 720 1336 782 ellioaret:

162 806 197 868 id
222 806 301 886 quod
324 807 356 867 in
379 807 438 868 fine
453 824 593 869 versuum
616 826 704 888 saepe
726 805 840 878 accidit,
864 806 895 868 in
919 805 1024 867 mediis
1046 804 1144 868 locum
1160 823 1219 867 non
1235 805 1336 882 habet3

161 893 201 952 ol.
225 910 306 973 supr.
330 911 355 953 o.
379 891 392 952 l
414 895 432 966 ξ
454 893 475 952 4
496 913 521 955 o
546 893 614 955 adn.
659 893 754 966 Quam
785 892 822 953 ob
845 911 974 967 oausam,
1008 892 1064 953 nisi
1096 910 1163 953 oum
1188 892 1336 971 Gepperto

159 981 208 1040 uti
221 977 385 1058 scripseris,
408 979 521 1040 hiatum
538 997 600 1040 non
617 977 750 1040 evitabis.
779 978 813 1039 ln
828 977 918 1040 tertio
934 995 1004 1039 vero
1019 977 1197 1039 Ritsobelius
1213 977 1335 1057 (Opuso.

161 1063 189 1125 11
212 1080 242 1143 p.
262 1062 327 1125 488
349 1063 411 1143 sq.)
434 1062 599 1143 Aqotluooob'
618 1065 722 1127 Plauto
743 1063 917 1126 vindicabat.
960 1062 998 1124 Et
1018 1063 1092 1125 baec
1111 1064 1207 1125 forma
1229 1081 1283 1144 per
1304 1082 1337 1126 se

161 1148 236 1227 fingi
263 1157 393 1229 poteram
427 1152 479 1211 sed
503 1170 570 1212 eum
592 1151 625 1211 in
648 1149 843 1212 Mostellarioe
866 1158 895 1211 et
915 1148 1178 1211 Menaechmorum
1201 1148 1336 1211 versibus

161 1234 330 1296 necessario
352 1233 515 1314 Aqutltooles
536 1235 714 1317 requiratur,
749 1236 805 1297 boo
828 1251 888 1296 uno
909 1235 975 1296 loeo
995 1235 1044 1296 illa
1072 1252 1194 1315 prorsus
1222 1235 1335 1314 impro-

160 1319 259 1382 banda
282 1326 337 1382 est.
359 1353 403 1364 -
424 1320 510 1383 Dubii
537 1331 611 1383 sunt
631 1332 692 1384 tres
720 1321 791 1382 loci:
825 1320 1075 1394 Moro.4,1,11:
1109 1320 1147 1381 du
1167 1338 1236 1381 saue
1262 1320 1336 1382 boue

158 1410 275 1487 mirqum
308 1407 392 1468 lourt'.
412 1403 417 1488 1
437 1407 488 1469 obi
518 1417 549 1469 tu
568 1406 677 1488 liutto.
699 1441 741 1450 —
764 1407 824 1482 Eo;
858 1406 942 1486 Epid.
959 1406 988 1479 3,
1007 1406 1036 1475 4,
1053 1406 1111 1466 57:
1144 1423 1222 1485 supe,
1255 1424 1333 1486 supe,

157 1491 285 1572 Epa'dt'm
307 1490 413 1573 fmtqt'l
432 1526 473 1536 -—
490 1497 531 1554 ito
551 1495 688 1574 puquoott‘
699 1527 743 1537 -
756 1493 838 1555 bomo
859 1510 896 1566 os,
919 1488 980 1562 Qut
1000 1537 1007 1552 .
1033 1536 1039 1551 .
1064 1491 1147 1552 Trio.
1164 1491 1193 1564 2,
1209 1494 1239 1561 4,
1257 1493 1335 1553 155:

158 1595 206 1640 me
228 1577 282 1639 obt
301 1579 406 1639 diuum
427 1577 487 1640 boo.
503 1613 545 1624 -
559 1578 643 1640 limet
660 1575 664 1662 l
684 1596 791 1640 urcouo
813 1581 895 1651 sotim
918 1578 1002 1638 illum
1019 1577 1192 1639 Mercatoris
1214 1595 1333 1640 versum

158 1664 329 1726 moundum
351 1662 466 1725 oodioes
488 1665 569 1726 solus
594 1664 747 1743 Ussiugius
769 1664 801 1725 in
824 1663 984 1742 exemplari
1008 1662 1117 1744 posuit,
1152 1661 1204 1741 qui
1234 1671 1335 1727 tamen

163 1748 213 1811 aba·
230 1750 376 1828 producto
399 1749 507 1829 syllaba
529 1750 694 1831 posteriore
715 1749 772 1828 legi
794 1750 870 1823 vult3
904 1749 952 1809 alii
974 1748 1028 1809 viri
1051 1748 1131 1810 docti
1161 1767 1197 1809 eu
1219 1750 1263 1810 vel
1290 1769 1335 1812 om

167 1834 215 1895 rel
232 1834 267 1897 ilo
294 1834 483 1907 addiderunt,
518 1854 556 1897 ne
588 1836 675 1897 tacita
709 1835 889 1915 imperatum
921 1834 1030 1895 faceret
1062 1851 1155 1896 serva.
1200 1833 1332 1916 Reliquis

166 1918 237 1981 loeis
253 1923 368 1982 formae
385 1924 550 2001 puquom'ut
569 1922 671 1983 dimisti
688 1921 846 1982 restituere
867 1920 1018 1981 lenissima
1043 1920 1168 1980 mutatio
1184 1927 1238 1991 est,
1261 1921 1330 2000 quia

160 2003 349 2068 librariorum
365 2024 466 2068 errore
480 2015 541 2068 tam
557 2007 658 2069 daumii
671 2025 724 2085 pro
740 2006 873 2069 breviore
887 2024 959 2068 uoce
975 2023 1062 2086 quom
1080 2006 1156 2068 diota·
1165 2024 1218 2084 pro
1235 2007 1335 2068 demuto·

159 2090 251 2153 soribi
272 2091 380 2172 potuit.
423 2093 611 2173 Quamquam
644 2093 676 2153 iu
710 2093 888 2153 Trinummo
922 2091 1100 2153 Ritsohelius
1134 2092 1185 2153 ille
1214 2092 1334 2169 quidem

159 2175 339 2250 breviorem,
363 2179 492 2258 quaein
514 2178 668 2259 Rescripto
690 2178 871 2251 exhibeatur,
904 2177 1038 2251 retinuit,
1070 2195 1138 2238 oum
1161 2178 1334 2257 praesertim

157 2261 250 2324 etiam
274 2262 306 2324 in
328 2283 356 2325 r.
380 2264 410 2338 2,
432 2264 462 2337 4,
487 2263 547 2325 166
570 2272 600 2325 et
623 2265 654 2337 3,
677 2263 706 2335 2,
731 2263 773 2325 29
796 2264 919 2325 eandem
942 2267 1069 2324 formam
1103 2264 1184 2325 solus
1207 2263 1334 2325 Ambro-

156 2348 265 2410 sianus
297 2358 377 2411 recte
411 2350 578 2412 servaverit
623 2349 659 2411 ln
682 2349 802 2428 Epidico
824 2368 894 2412 vero
923 2349 960 2410 de
990 2349 1136 2428 scriptura
1157 2348 1333 2427 ambigitur3

158 2452 231 2495 nam
246 2436 338 2515 [rupi
357 2469 401 2480 -—
421 2439 463 2497 ito
488 2439 626 2516 pupuaoti
644 2469 687 2480 -
709 2433 791 2497 bomo
820 2452 848 2496 er
876 2433 1051 2514 ponendum
1074 2433 1229 2513 Ussingios
1259 2453 1333 2496 oon-

155 2519 246 2595 ieoit;
267 2521 300 2582 in
322 2520 404 2583 libris
427 2531 474 2582 est
493 2523 578 2602 smtqi
597 2541 626 2584 es
643 2525 783 2601 puqomti
794 2520 878 2581 bomo
899 2538 938 2595 er,
960 2520 993 2580 in
1006 2520 1111 2580 Vetere
1132 2519 1173 2581 ita
1196 2528 1229 2581 ut
1251 2521 1333 2600 prius

157 2623 187 2667 ts
222 2625 259 2668 ox
291 2617 317 2668 st
350 2616 517 2668 correctum
550 2607 598 2669 sit.
642 2608 746 2687 ltaque
768 2606 816 2667 alii
838 2607 995 2667 voluerunt
1015 2606 1099 2685 frttqt'
1124 2623 1167 2678 es,
1198 2609 1335 2686 pupuoott‘

157 2690 285 2775 σοφῶς.
301 2725 344 2736 -
357 2691 460 2754 illelius
482 2693 515 2753 in
538 2693 641 2772 quinta
664 2710 753 2771 quam
777 2694 808 2752 in
830 2699 934 2770 quarto
958 2691 1029 2752 sede
1045 2690 1158 2751 bialum
1174 2691 1333 2753 statuimus

158 2773 232 2841 lon.
250 2776 282 2852 3,
297 2776 326 2849 2,
342 2776 397 2852 303
419 2797 447 2839 v.
463 2797 523 2858 cap.
542 2778 567 2839 11
588 2783 606 2854 ξ
628 2780 662 2852 13
685 2778 769 2840 Cure.
787 2777 816 2854 2,
830 2777 859 2851 2,
876 2777 932 2838 26;
953 2776 1022 2838 boui
1043 2775 1225 2847 Phaedrome,
1248 2775 1329 2859 eud!

158 2867 219 2940 mi,-
253 2867 313 2936 tui,
337 2867 465 2944 inquom,
485 2861 489 2943 1
509 2867 601 2938 ouum
634 2863 667 2925 in
689 2882 748 2943 quo
770 2881 859 2925 versu
881 2867 1001 2944 iuquom
1023 2879 1086 2923 non
1110 2861 1264 2934 elidemus,
1293 2882 1333 2925 ne

160 2949 262 3012 tudem
285 2968 342 3011 uox
363 2953 414 3012 eut
432 2957 478 3011 ter
508 2949 647 3029 deinceps
676 2950 807 3011 eundem
841 2967 950 3011 sonum
984 2948 1100 3011 habeut.
1145 2948 1332 3010 Camerarius

159 3051 237 3109 roro,
271 3053 341 3097 eum
369 3036 402 3097 in
430 3053 551 3097 oaesura
578 3053 822 3115 quoqueversus
847 3034 917 3108 hiet,
941 3042 1081 3114 quartum
1104 3036 1156 3095 eui
1174 3042 1243 3113 post
1264 3034 1332 3096 bour

154 3116 318 3183 inserebat.
341 3153 382 3166 -
405 3119 570 3182 Omittendi
592 3129 677 3182 erant
699 3120 732 3182 in
755 3119 959 3181 enumerando
982 3119 1073 3181 Poen.
1098 3119 1128 3191 5,
1145 3121 1175 3192 7,
1193 3119 1248 3180 13.-
1273 3124 1332 3182 ium

150 3207 267 3282 pridem
289 3207 416 3287 equidem
436 3211 506 3268 istm
528 3210 600 3268 suot
640 3224 698 3268 esse
720 3206 834 3276 liberos,
864 3205 915 3284 qui
938 3222 1041 3266 versus
1063 3204 1160 3267 Plauti
1184 3224 1244 3267 uon
1267 3216 1332 3279 est3

148 3287 266 3355 Pseud.
294 3294 320 3364 1,
336 3292 366 3370 5,
382 3292 416 3352 t:
449 3338 456 3354 .
488 3338 495 3353 .
523 3297 601 3354 sensi
641 3303 667 3354 et
699 3292 807 3354 subolet
840 3290 918 3364 mibi,
953 3289 1003 3350 ubi
1026 3289 1222 3352 Ambrosiano
1256 3291 1330 3352 duee

144 3377 303 3442 abolebat
324 3377 502 3440 Ritsohelius
523 3379 665 3457 reposuit,
688 3377 829 3457 idemque
853 3376 987 3438 oratione
1009 3377 1171 3455 flagitatum
1204 3376 1284 3437 Trin.
1303 3377 1330 3447 1,

142 3459 179 3537 2,
194 3461 261 3526 66;
285 3463 354 3525 loeo
376 3481 460 3544 quom
482 3464 567 3525 audio
590 3468 621 3525 r‘u
643 3475 669 3525 te
688 3462 754 3536 diri,
778 3465 952 3546 lemoruoior
965 3466 1067 3536 misem
1090 3480 1158 3523 eum
1180 3462 1247 3523 libri
1263 3462 1332 3523 diois

135 3549 329 3625 praebeant,
356 3549 507 3610 Vahlenos
538 3549 655 3629 (Herm.
680 3549 720 3608 12
742 3567 770 3629 p.
797 3546 870 3626 195)
896 3547 1032 3627 proxime
1065 3548 1101 3609 ad
1136 3565 1239 3609 eorum
1267 3567 1331 3609 me-

135 3636 284 3697 moriam
307 3634 438 3707 aooessit,
462 3653 530 3696 cum
552 3634 742 3696 scribendum
761 3654 826 3696 esse
841 3635 991 3696 coniceret
1006 3633 1069 3707 diei,
1092 3638 1127 3696 is.
1157 3634 1211 3695 Vix
1226 3633 1330 3712 dignus

133 3721 203 3797 qui
235 3730 423 3783 memoretur
449 3730 495 3781 est
523 3721 646 3782 Poenuli
672 3740 698 3781 v.
723 3722 753 3792 5,
774 3719 803 3793 2,
825 3720 895 3789 124,
928 3719 960 3780 in
994 3738 1053 3799 quo
1081 3720 1198 3782 oodioes
1228 3719 1331 3781 vitioso

131 3797 269 3869 habent
291 3804 364 3886 etot!
383 3806 428 3867 lu’o
448 3806 535 3879 ludit,
558 3806 678 3886 Pylades
701 3805 831 3868 restituit
851 3805 996 3868 motato.
1053 3847 1055 3852 -

220 3949 223 3953 .
240 3891 438 3970 Adiungimus
461 3912 494 3954 ea
517 3893 659 3971 exempla,
681 3911 756 3973 quae
770 3891 803 3954 iu
817 3892 923 3973 quinto
938 3891 1035 3953 iambo
1050 3890 1248 3971 repperimus.
1277 3889 1331 3952 llis

133 3986 256 4040 autom
278 3977 407 4040 hiatibus
424 3978 613 4058 Spengelium
629 3980 757 4058 quodam
778 3980 866 4039 modo
881 3977 1059 4058 patrocinari
1082 3995 1171 4056 supra
1193 3976 1330 4049 diximus,

137 4072 226 4124 oum
249 4062 326 4125 deo
349 4064 441 4127 vocali
467 4064 552 4126 verba
578 4068 754 4126 laceremus.
802 4065 828 4125 t.
850 4064 958 4143 Amph.
980 4061 1124 4136 3,1,12:
1146 4063 1221 4124 situ
1242 4061 1332 4124 Alou-

140 4159 254 4212 flteuoe
273 4145 278 4232 1
300 4153 445 4214 iuuotmti
462 4147 466 4231 l
485 4160 614 4230 eupolum
641 4153 819 4212 iuuooerttioo
849 4168 917 4211 oum
944 4148 1135 4210 Lachmanno
1163 4147 1213 4228 (ad
1228 4148 1329 4210 boor.

145 4224 198 4294 lll
212 4232 273 4295 374
287 4253 316 4316 p.
332 4236 406 4314 tot)
428 4234 555 4298 seribere
578 4235 652 4296 nibil
673 4236 762 4298 babet
785 4236 904 4316 negotii,
928 4233 983 4298 etsi
1004 4234 1036 4296 in
1051 4233 1107 4296 alia
1121 4233 1218 4296 Plauti
1232 4234 1329 4296 labula

155 4328 221 4379 uon
240 4320 357 4398 legitur.
401 4321 442 4383 lle
466 4321 600 4400 genetivo
627 4321 812 4393 Alcumenas,
841 4339 931 4400 quem
959 4319 1136 4382 Ritsoholius
1158 4319 1268 4400 Opust.
1291 4320 1330 4381 111

166 4399 223 4466 1113
243 4418 393 4487 praeterea
419 4407 600 4481 vindicabat,
623 4408 700 4471 infra
727 4408 881 4470 disseram.
925 4404 956 4466 2.
980 4405 1060 4486 Gopt.
1077 4405 1107 4479 3,
1123 4408 1153 4481 5,
1169 4406 1231 4469 24:
1261 4407 1330 4468 dum
