2856 4904
598 261 816 325 ..70-

126 440 271 505 restituit:
297 440 437 521 (elipeum
450 440 599 501 mundavit
615 485 622 498 .
640 437 661 517 .)
677 483 704 498 ..
727 440 833 519 [eciem
850 433 1043 521 (ancillam);
1065 436 1208 516 inprime
1224 437 1303 498 den-

123 538 215 590 terom
241 545 309 587 cum
340 526 441 588 codice
469 524 614 605 Lipsiensi
644 542 754 604 ponere
784 525 889 587 solent.
912 559 952 570 -
980 523 1158 585 Emendatus
1191 530 1239 582 est
1266 541 1304 582 ex

124 613 321 676 Ambrosiano
345 613 437 673 libro:
461 612 552 673 Poen.
577 609 605 681 3,
628 610 657 684 2,
683 612 737 671 17:
761 615 829 672 eutis
847 623 1029 692 pracceptum
1050 618 1098 671 est.
1122 644 1161 650 -
1185 605 1241 669 tte
1255 653 1263 667 .
1278 627 1304 682 .;

124 718 191 762 nam
215 699 247 760 in
270 697 408 760 Palatinis
431 696 552 759 verbum
576 695 795 758 substantivum
830 696 1085 776 praetermittitur.
1130 694 1171 754 Ex
1195 694 1305 755 Vetere

125 785 315 862 corriguntur
344 784 432 845 llere.
456 782 485 856 3,
508 783 537 853 4,
562 783 599 842 41
625 791 654 841 et
679 783 764 843 Truc.
789 781 818 852 2,
842 783 871 855 6,
896 781 952 858 24;
980 780 1048 842 nath
1079 798 1147 860 cepe
1174 797 1249 859 pape
1273 788 1306 840 et

123 873 247 953 cbecque't
269 870 300 930 in
316 871 420 930 Vetere
443 869 502 936 illo.
524 867 556 928 in
573 867 731 930 liecurtato
753 878 783 929 et
801 869 936 930 Vaticano
965 868 1057 930 ullum
1077 864 1081 946 Ι
1100 868 1199 946 cupipe
1215 865 1257 943 (h.
1276 885 1304 926 e.

126 955 262 1039 caepepoe)
278 964 308 1017 et
324 955 457 1036 lepidum.
478 952 482 1034 l
502 955 601 1034 ecquid
616 954 673 1033 (vel
695 954 841 1036 beeepuid)
858 953 1040 1017 exhihentur.
1075 953 1106 1014 ln
1124 951 1304 1013 Trinummo

125 1054 223 1106 autem
248 1041 372 1102 Palatini
394 1039 480 1100 nobis
502 1040 649 1120 produnt:
674 1040 755 1101 Trin.
772 1039 803 1112 2,
818 1041 847 1112 2,
867 1041 941 1100 104:
967 1085 997 1099 ..
1021 1040 1090 1121 perid
1107 1039 1191 1100 idest
1206 1047 1306 1099 uadem

126 1126 240 1191 unuani)
262 1160 305 1171 —-
326 1126 466 1206 Wunder:
490 1143 587 1206 neque
610 1124 732 1186 dubium
758 1134 812 1198 est,
836 1127 909 1206 quin
931 1126 999 1207 quid
1020 1134 1170 1188 astantem
1184 1122 1306 1184 unum?

128 1213 280 1297 llllopuor
302 1210 421 1272 librario
445 1212 589 1291 Rescripti
612 1211 720 1272 codicis
743 1210 812 1273 vitio
829 1212 1005 1273 vertendum
1029 1211 1077 1272 sit.
1114 1210 1174 1270 lam
1199 1209 1305 1270 aviris

126 1301 219 1362 doctis
242 1298 442 1359 restituuntur
464 1297 549 1358 haec:
572 1298 657 1357 Most.
674 1295 703 1365 2,
723 1297 750 1369 1,
768 1296 818 1365 22,
843 1298 878 1358 de
901 1316 959 1377 quo
987 1297 1024 1358 ol.
1046 1315 1125 1376 supr.
1150 1313 1174 1355 c.
1190 1294 1218 1355 ll
1233 1298 1252 1369 ξ
1268 1296 1305 1368 4;

125 1387 214 1447 Truc.
239 1386 268 1457 5,
292 1384 348 1445 65:
378 1389 446 1464 puin
474 1380 596 1445 dedisti?
617 1417 659 1427 —-
689 1382 725 1444 tte
751 1387 866 1445 euticem
889 1384 1041 1446 bmninem.
1071 1418 1110 1427 ψ·
1134 1379 1228 1443 Immo
1254 1400 1307 1461 epo

129 1468 193 1552 (te)
219 1488 295 1540 nero,
319 1473 369 1549 qui
388 1470 461 1540 dedi,
483 1468 514 1529 in
537 1487 596 1549 qno
619 1478 645 1529 te
666 1468 792 1529 Bothins
814 1469 935 1530 addidit.

211 1556 291 1617 ldem
317 1555 348 1616 in
371 1555 505 1616 oratione
528 1555 609 1614 linita
633 1552 728 1615 hiatus
751 1554 902 1615 invenitur
924 1555 956 1616 in
972 1552 1099 1615 iambico
1116 1552 1306 1631 septenario:

125 1642 184 1703 llil.
202 1641 231 1712 4,
248 1640 278 1711 6,
294 1640 329 1700 t:
365 1653 444 1702 tuom
475 1650 515 1701 cst
541 1642 722 1719 prinetpinm.
743 1635 748 1718 Ι
767 1673 809 1683 -
832 1639 963 1713 Obsecro,
993 1651 1051 1702 tute
1079 1642 1173 1718 ipsum
1201 1656 1306 1700 conve-

125 1725 216 1790 nisti?
237 1727 280 1787 sic
302 1726 381 1787 enim
405 1725 590 1786 Camerarius
614 1724 731 1803 scripsit
753 1743 808 1804 pro
831 1727 965 1805 eoquod
990 1725 1021 1785 in
1044 1723 1128 1786 libris
1151 1730 1197 1784 est
1222 1734 1308 1785 tuum

126 1832 193 1894 epse
208 1816 346 1892 incipiam
362 1813 406 1872 vel
421 1822 503 1872 teum
524 1821 565 1872 est
585 1813 709 1871 indcium.
725 1846 767 1854 -
784 1810 937 1872 Praeterea
960 1811 1028 1873 libri
1045 1808 1146 1889 scripti
1162 1809 1308 1872 exhibent

128 1901 213 1962 Cure.
230 1898 258 1964 4.
276 1897 304 1968 2,
322 1897 377 1958 26;
400 1900 519 1958 temese
539 1895 666 1956 mollem.
686 1891 752 1975 l-
768 1895 855 1957 Haud
875 1899 951 1958 mele
971 1897 1104 1958 deduce
1125 1894 1202 1956 mete
1217 1895 1308 1956 eticae

126 2005 170 2058 es:
193 1984 244 2044 sed
268 1983 314 2043 vix
338 1982 461 2043 mutatio
484 1980 631 2060 estquod
654 1980 731 2040 idem
755 1981 939 2043 Camerarius
962 1982 1061 2061 posuit
1081 1979 1243 2042 mavellem.

213 2069 275 2129 Nee
297 2077 397 2128 tanmn
426 2067 522 2128 solum
552 2066 584 2126 in
614 2065 651 2126 iis
682 2065 811 2137 sedibus,
844 2067 893 2128 ubi
927 2086 1051 2147 persona
1085 2074 1219 2127 mutatur
1252 2075 1308 2128 aut

128 2155 216 2216 binae
239 2171 379 2213 versuum
409 2160 508 2231 partes
536 2149 776 2223 committuntur,
811 2159 941 2214 extrema
972 2171 1002 2213 ni
1037 2153 1132 2214 littera
1164 2151 1195 2211 in
1226 2151 1307 2213 thesi

132 2239 224 2300 vocali
247 2238 399 2317 excipitur,
434 2254 535 2297 verum
563 2236 650 2296 etiam
673 2236 739 2297 aliis
761 2237 842 2306 locis
865 2239 974 2317 quibus
995 2239 1043 2300 illa
1067 2237 1217 2297 excusatio
1241 2254 1307 2298 non

129 2326 226 2387 datur.
261 2324 292 2383 ln
316 2323 405 2385 altera
429 2321 537 2382 senarii
560 2320 636 2384 thesi
659 2323 831 2383 collocatur:
858 2325 884 2383 1.
908 2325 989 2384 Asin.
1006 2324 1035 2396 4,
1055 2326 1081 2394 1,
1099 2323 1151 2383 ll:
1174 2322 1308 2383 alienum

132 2413 138 2486 Ι
157 2410 300 2471 becumen
319 2405 324 2486 l
343 2412 419 2468 intro
440 2411 534 2468 mittut
555 2410 706 2476 mnodum,
728 2407 764 2466 de
786 2426 847 2486 quo
869 2427 958 2487 supra
982 2409 1119 2470 diximus.
1150 2406 1179 2467 2.
1195 2407 1307 2469 Bacch.

130 2496 160 2563 4,
176 2493 207 2566 2,
223 2494 261 2555 6:
285 2492 458 2554 toditem
482 2527 521 2536 -
548 2493 647 2555 Utrum
668 2488 782 2573 {crpol'
803 2527 844 2535 —
864 2494 943 2555 llud
963 2499 1020 2556 seeo
1041 2497 1099 2556 m'si
1118 2492 1308 2568 Bacchidem

130 2580 267 2642 Bothium
292 2589 413 2639 secutus
436 2578 612 2638 Ritsehelins
635 2577 726 2637 edidit
746 2589 897 2647 utrumne:
919 2582 956 2640 ef.
979 2599 1058 2658 supr.
1082 2585 1100 2652 ς
1124 2579 1137 2637 1
1163 2579 1200 2639 ad
1215 2578 1306 2640 Most.

131 2663 273 2738 3,t‚30.
319 2662 348 2725 3.
372 2663 454 2742 Capt.
471 2661 501 2734 3,
516 2663 545 2733 5,
562 2663 616 2723 42ε
649 2682 700 2724 nec
722 2664 1051 2744 pedonumlestmtdi,
1084 2683 1172 2745 oeque
1199 2664 1308 2726 nubtis

130 2754 199 2831 quoi
225 2750 326 2822 velim:
359 2747 569 2808 Fleckeisenus
595 2747 667 2808 milei
697 2744 829 2830 <olies>‚
863 2769 950 2830 oeque
978 2750 1112 2829 scripsit:
1144 2748 1308 2811 Muellerus

131 2836 279 2897 deminuere
294 2851 348 2912 pro
363 2832 435 2893 mut
455 2830 667 2892 substituebat:
692 2851 747 2892 nec
768 2843 868 2894 tamen
892 2845 938 2895 est
959 2854 1013 2895 our
1032 2835 1148 2896 dativus
1163 2835 1309 2897 offendat.

132 2921 163 2979 4.
186 2918 261 2978 Men.
279 2919 308 2989 2,
323 2916 352 2982 2,
372 2915 425 2975 tt:
446 2916 612 2995 peeicaclem
631 2914 636 2993 Ι
655 2936 750 2978 eccum
771 2923 803 2979 ia
824 2920 921 2980 nidulo
943 2920 1054 2981 salvem
1074 2921 1149 2999 sero,
1173 2919 1223 2980 ubi
1239 2921 1311 2982 Rit-

133 3003 262 3065 schelius
292 3014 384 3067 taem.
418 3002 492 3061 alius
516 3002 560 3062 rit
589 3001 694 3062 doctus
721 3003 811 3079 (teste
835 3004 983 3082 [ssiogiot
1006 3025 1055 3085 epo
1087 3006 1312 3085 interponebat.

134 3092 165 3151 5.
195 3086 273 3148 Meu.
291 3085 320 3156 3,
336 3086 366 3155 2,
382 3083 438 3145 24;
472 3086 615 3167 metae
635 3083 640 3169 Ι
659 3087 789 3158 hominis,
822 3089 938 3152 subdole
959 3110 994 3152 oc
1016 3094 1130 3152 amiati
1145 3089 1246 3170 preti?
1280 3092 1312 3153 6.

134 3173 210 3234 Men.
227 3174 256 3244 5,
276 3173 303 3240 1,
319 3171 352 3231 9:
387 3170 530 3251 fiopitieer
550 3168 555 3254 Ι
573 3171 704 3237 tecue
735 3192 798 3234 cuer
828 3178 895 3236 istoc
922 3174 1053 3238 mua?
1074 3211 1116 3220 —
1139 3175 1218 3248 Quid
1246 3176 1313 3239 est?

134 3271 223 3338 atque
246 3256 332 3317 verba
362 3256 502 3336 {taedium
530 3257 650 3320 domimo
677 3276 800 3337 prorsus
830 3260 936 3320 eodem
967 3263 1056 3322 modo
1089 3273 1246 3342 ponuntur
1279 3265 1313 3325 in

136 3342 303 3424 septenario
335 3341 459 3403 iatribico
488 3342 569 3403 esto.
593 3341 623 3414 2,
645 3344 674 3411 4,
689 3343 744 3403 67;
779 3343 919 3423 neptium
942 3345 1094 3426 imminu,
1127 3347 1166 3407 do
1191 3366 1313 3427 opsecro

136 3439 284 3510 captatum
300 3425 374 3494 buit,
397 3445 433 3487 ae
455 3425 530 3488 mole
545 3426 680 3507 locamur
700 3438 727 3487 et
752 3428 782 3487 iu
805 3432 955 3491 tmehaioo
972 3433 1037 3493 Cas.
1054 3432 1084 3505 3,
1100 3431 1132 3504 2,
1147 3432 1203 3493 22;
1228 3439 1317 3514 punse·

135 3513 304 3577 emittentia.
326 3510 467 3589 {leptim
485 3510 489 3590 l
509 3512 638 3581 dominis.
669 3517 720 3594 pei
746 3513 819 3575 dau
841 3515 919 3576 mibi.
965 3517 1141 3579 Ritsehelins
1164 3519 1257 3598 igitur
1279 3521 1314 3582 in

137 3599 397 3662 Menaechmorum
422 3597 556 3658 versibus
579 3610 609 3660 te
632 3599 791 3668 inserebat,
814 3600 843 3660 id
866 3601 945 3679 quod
970 3602 1084 3664 Brixius
1105 3623 1162 3665 suo
1185 3605 1253 3668 iure
1276 3615 1312 3668 ut

136 3685 173 3748 ab
197 3702 252 3746 usu
277 3682 413 3743 Plautino
436 3682 564 3744 alienum
589 3683 699 3744 reiecit.
744 3683 858 3746 brixius
880 3687 944 3765 ipse
964 3686 1093 3750 hemeah
1118 3691 1249 3752 formam
1280 3691 1315 3752 in

139 3783 252 3833 textum
276 3767 396 3846 recepit.
428 3784 505 3844 utrae
527 3767 616 3829 otiam
641 3770 781 3830 titaiorem
805 3771 1018 3833 dubitationem
1042 3785 1141 3836 moret
1163 3779 1202 3851 (v.
1226 3796 1314 3857 supr.

138 3863 156 3930 §
183 3857 195 3915 t
222 3853 256 3915 ad
280 3850 356 3912 bien.
378 3855 404 3919 1,
420 3851 449 3921 l.
464 3850 508 3927 bl.
538 3851 571 3912 lu
595 3853 728 3915 Asinaria
751 3866 849 3916 acutam
872 3855 1014 3918 Goetaius
1036 3858 1172 3922 loewius
1193 3862 1314 3924 hiatum

139 3941 263 4002 emulino
297 3954 359 3998 nou
393 3945 589 3997 tentatorum.
635 3936 671 3997 Et
699 3939 833 4018 prtitemo
857 3940 895 4000 ob
917 3942 944 4002 id
968 3943 1077 4022 ipsum.
1099 3947 1181 4024 quod
1205 3949 1315 4010 adem

139 4022 329 4104 compellatio
352 4021 462 4082 totiens
477 4020 541 4081 sino
560 4021 616 4082 ulla
631 4021 774 4083 librorum
790 4025 986 4104 discrepurttia
1002 4029 1167 4101 exhibetur,
1190 4035 1316 4111 quaeris

141 4110 266 4172 inritatio
289 4106 450 4187 plurimum
473 4104 664 4167 tluliitationis
685 4107 790 4168 suem
813 4109 910 4179 «lebet,
932 4115 1105 4189 praesertim
1121 4136 1191 4178 eum
1208 4137 1316 4197 perse

141 4195 262 4274 qaudam
285 4191 358 4253 nihil
381 4191 478 4252 inemo
500 4190 592 4271 perimit
617 4190 847 4269 vituperationis.
892 4198 987 4274 Atque
1016 4201 1110 4279 aliqua
1138 4203 1184 4262 vis
1210 4203 1239 4264 ei
1272 4206 1316 4267 rei

144 4298 204 4342 tion
228 4277 319 4339 tribui
343 4294 403 4337 ticin
427 4276 545 4356 poterit„
568 4274 647 4353 qttcid
670 4277 727 4337 talc
749 4280 915 4340 maritimum
931 4298 947 4340 a
963 4295 1051 4359 paoem
1065 4287 1227 4349 condemna
1246 4309 1317 4352 esse

144 4383 207 4429 non
242 4361 373 4433 videtur:
406 4362 498 4423 inimo
530 4358 670 4441 mltum
704 4360 825 4424 bombat
857 4381 924 4425 enm
958 4364 1040 4430 biatu
1069 4370 1183 4434 dictu·
1206 4375 1316 4437 tritum
