2856 4904
628 307 953 371 ..94-.

151 483 321 546 Trinummi
343 483 442 547 tabula
464 491 539 547 toste
561 484 721 547 Bitschelio
737 484 828 565 (Prol.
852 484 935 546 Trin.
951 504 980 565 p.
996 485 1072 564 nto)
1087 484 1195 546 senarii
1211 485 1328 548 circiter

152 569 379 649 quinquaginta,
407 569 436 631 h.
459 589 484 632 e.
507 589 574 651 pars
601 571 695 632 ferme
725 570 912 644 duodecima,
942 571 1127 651 totidemque
1156 571 1328 651 septenarii,

151 655 181 715 h.
204 675 229 716 e.
253 674 321 735 pars
343 673 431 730 nona,
453 657 521 718 huic
543 656 597 736 legi
621 657 820 718 adversantur.
851 657 914 731 Qua
939 657 974 718 de
994 675 1079 719 causa
1097 657 1175 737 quod
1193 658 1228 718 ad
1246 657 1328 718 veri-

150 747 240 803 tatem
265 741 343 802 illius
366 742 581 804 observationis
604 743 730 814 adtinet,
763 743 873 804 nullius
903 743 1045 804 momenti
1069 752 1129 815 cst,
1164 752 1267 804 utrum
1290 743 1327 804 ad

149 826 197 888 illa
219 835 373 907 correptae
397 827 485 889 thesis
509 830 640 906 exempla
664 846 757 907 pauca
780 827 945 891 adiciantur
967 847 1071 891 necne.

236 912 295 976 Sed
317 914 389 975 lraec
411 913 531 994 quidem
554 914 707 976 hactenus.

219 1210 336 1263 Alteram
354 1210 429 1261 huius
449 1210 631 1292 disputationis
650 1219 747 1278 partem
765 1227 815 1262 una
833 1226 888 1262 curn
905 1210 998 1275 tertia,
1020 1211 1092 1262 cuins
1116 1226 1235 1263 summurn
1255 1209 1324 1263 inira

149 1279 248 1345 posui,
267 1279 293 1329 in
311 1279 420 1330 modium
439 1280 579 1345 proterant,
598 1295 653 1331 curn
671 1280 778 1347 primurn
796 1279 853 1332 Cas
872 1279 935 1331 ctae.
961 1247 1023 1331 llrid.
1043 1270 1144 1332 fabulae
1161 1281 1194 1331 ad
1213 1280 1325 1347 optimos

149 1315 249 1399 codicei
268 1348 410 1412 castigatae
429 1354 512 1400 erunt.

421 2191 611 2291 Tertiae
648 2190 806 2322 partis
843 2222 1038 2292 summa

545 2365 694 2446 (Sentent.
717 2374 850 2429 controv.
873 2367 918 2442 ll:

233 2547 326 2607 Voces
358 2546 497 2608 iambicas
531 2555 561 2608 et
593 2546 626 2607 in
648 2546 777 2607 vocalem
813 2547 857 2607 vel
890 2547 922 2608 in
944 2563 974 2605 m
996 2544 1125 2607 litteram
1148 2544 1319 2608 excidentes

148 2652 163 2695 a
187 2632 288 2694 Plauto
311 2633 350 2694 ita
373 2651 439 2694 cum
465 2631 544 2693 hiatu
566 2632 636 2712 poni
659 2633 803 2711 potuisse,
832 2639 865 2692 ut
888 2633 1004 2710 longam
1027 2632 1155 2693 vocalem
1178 2631 1233 2692 sub
1257 2631 1320 2693 ictu

148 2718 272 2817 positam
302 2719 458 2789 retineant,
486 2717 693 2779 Lachmannus
722 2720 816 2779 docet.
862 2717 923 2778 Nec
953 2726 1054 2780 tamen
1081 2717 1153 2778 adeo
1184 2717 1320 2795 angustis

147 2804 283 2866 terminis
317 2804 451 2865 hiatus
442 2822 474 2864 ιιι
501 2803 559 2865 arsi
593 2804 685 2865 factus
714 2803 1000 2865 circumscribendus
1030 2811 1090 2876 θεῖς
1117 2803 1210 2863 immo
1241 2802 1321 2864 idam

148 2889 257 2969 quod
250 2907 281 2950 ιιι
303 2888 427 2953 iambica
450 2889 527 2951 cadit

232 2988 284 3048 l.'
277 3007 308 3048 m
331 2987 468 3049 vocabula
493 2986 693 3067 monosyllaba
718 3005 792 3066 quae
814 2987 901 3066 longa
924 2987 1014 3049 vocali
1037 2985 1197 3061 finiuntur3

217 3085 283 3147 ll.
275 3105 306 3146 m
328 3085 466 3147 vocabula
492 3085 614 3160 cretica3

202 3185 281 3246 lll.
273 3202 305 3246 ιιι
328 3204 362 3247 ea
384 3184 523 3246 vocabula
547 3183 699 3264 trisyllaba,
722 3201 851 3264 quorum
883 3184 1011 3245 vocalem
1044 3189 1207 3245 extremam
1229 3188 1318 3264 poeta

146 3278 176 3334 et
197 3270 316 3333 brevem
341 3282 371 3333 et
392 3271 508 3351 longam
532 3271 611 3345 facit,
635 3270 714 3332 velut
734 3269 805 3332 miti
823 3270 872 3331 odi
892 3270 944 3332 ubi
963 3287 994 3331 eo
1018 3269 1101 3331 modo
1124 3285 1182 3348 epo.
