2856 4904
595 327 817 391 ..34-

125 507 243 570 molossi
265 515 430 588 ponantur,
465 505 516 568 sed
552 506 717 567 ultimam
752 503 1020 567 vocabulorum
1050 504 1124 566 diem
1147 513 1184 566 et
1210 522 1300 566 cursu

124 593 290 673 vocalem
322 601 405 654 ante
441 590 739 671 subsequentem
773 591 935 653 vocalem
965 597 1181 670 correptam
1205 609 1299 652 esse.

123 679 335 759 Eodemque
356 679 463 740 modo
486 694 559 738 non
576 678 693 738 solum
718 694 756 738 ea
772 678 933 757 exempla
957 695 1046 756 quae
1069 675 1299 756 Spengelius

123 765 337 827 intermissa
376 763 541 826 oratione
569 762 664 823 tueri
702 762 840 834 voluit,
874 780 995 824 verum
1031 761 1141 823 etiam
1177 761 1299 823 omnia

124 869 219 932 quae
256 868 365 930 supra
400 848 568 927 congessi
602 849 855 929 pollysyllaha
893 850 1057 910 vocalem
1091 856 1296 909 extremam

124 955 202 999 cum
234 935 341 997 hiatu
372 942 586 1014 correptam
609 934 762 995 hahent.

210 1021 293 1083 Haud
316 1021 419 1099 ignoro
443 1019 632 1101 Spengelium
649 1020 719 1080 alios
742 1018 858 1080 disertis
882 1018 976 1079 verbis
993 1017 1143 1097 negavisse
1159 1017 1297 1080 Plautum

124 1107 156 1168 in
168 1107 245 1169 thesi
261 1106 415 1169 admisisse
430 1105 640 1184 correptiones,
657 1105 714 1167 nisi
730 1105 765 1165 ad
784 1103 996 1184 monosyllabas
1011 1122 1096 1165 voces
1112 1105 1299 1184 pertinerent

126 1197 166 1269 (v.
190 1211 278 1273 supra
302 1210 363 1270 cap.
381 1191 427 1265 ll).
473 1191 530 1252 Sed
554 1191 624 1252 haec
647 1190 733 1251 velim
757 1191 961 1252 attendantur:
990 1189 1167 1251 Ritschelius
1191 1208 1297 1253 omnes

124 1278 185 1341 fere
208 1278 272 1340 eius
295 1276 375 1339 modi
398 1277 600 1356 correptiones
623 1276 781 1346 damnavit,
806 1293 854 1337 eas
869 1274 1077 1336 tantummodo
1093 1277 1209 1355 excepit
1224 1294 1298 1356 quae

124 1363 155 1425 in
178 1365 276 1443 priore
299 1361 449 1442 anapaesti
471 1363 554 1442 pedis
577 1361 654 1423 thesi
677 1361 799 1432 fiereut;
821 1360 1027 1422 Fleckeisenus
1052 1361 1229 1440 Spengelius
1253 1362 1298 1422 alii

124 1449 239 1510 traditis
268 1449 408 1530 exemplis
442 1448 534 1509 coacti
566 1447 594 1508 id
623 1456 848 1517 concesserunt,
882 1445 1082 1527 monosyllaba
1112 1447 1143 1508 in
1166 1447 1297 1509 cuiusvis

125 1537 212 1596 metri
228 1534 362 1597 thesibus
378 1533 486 1614 corripi
503 1532 649 1613 potuisse:
673 1532 742 1611 quid
759 1534 796 1593 de
811 1531 1004 1613 polysyllabis,
1020 1550 1149 1612 quorum
1165 1534 1297 1612 exempla

125 1621 214 1682 etiam
237 1620 320 1700 plura
343 1616 505 1698 leguntur?
539 1618 640 1698 quidni
665 1619 769 1679 eadem
793 1617 978 1678 excusatione
1011 1614 1152 1680 urmmur?
1174 1652 1217 1689 ,-
1240 1618 1297 1679 Sed

125 1706 188 1767 vide
211 1706 360 1786 Spengelii
382 1705 528 1767 rationem
551 1723 608 1784 qua
631 1722 694 1765 rem
716 1704 861 1764 tractavit.
907 1704 934 1764 ls
963 1703 1052 1781 igitur
1074 1703 1118 1764 vir
1140 1704 1245 1765 doctus
1269 1704 1299 1764 in

127 1792 333 1853 enumerando
361 1808 536 1852 concursum
565 1789 708 1851 vocalium
736 1789 868 1850 accidere
895 1789 1026 1869 potuisse
1055 1808 1115 1850 non
1146 1799 1245 1868 negat,
1269 1789 1298 1850 id

125 1879 202 1957 quod
226 1878 313 1957 paulo
336 1895 424 1956 supra
447 1875 751 1937 commemoravimus.
799 1874 911 1935 Deinde
932 1875 1052 1936 nomina
1068 1875 1195 1954 propria,
1219 1875 1300 1937 verbi

126 1980 212 2024 causa
235 1962 347 2024 Dinone
367 1968 370 2042 l
391 1962 544 2041 Ephesiae,
577 1961 687 2022 hiatum
712 1960 795 2021 laoile
823 1961 954 2040 recipere
980 1960 1099 2022 disserit
1120 1979 1148 2041 p.
1166 1960 1229 2021 214
1244 1979 1299 2041 sq,

126 2048 215 2127 idque
243 2049 281 2109 ita
314 2047 446 2118 disserit,
481 2055 514 2108 ut
540 2046 675 2107 ultimam
706 2045 809 2105 horum
834 2046 989 2107 nominum
1019 2045 1148 2108 vocalem
1171 2045 1300 2108 dilucide

124 2140 275 2212 tamquam
304 2139 470 2212 correptam
498 2131 653 2210 significet.
699 2130 791 2191 Porro
819 2151 848 2212 p.
871 2129 934 2191 232
950 2151 1010 2212 sq,
1044 2131 1095 2192 ubi
1123 2131 1300 2212 polysyllaba

126 2227 259 2297 correpta
289 2218 458 2297 impugnat,
490 2235 541 2278 eos
564 2216 661 2278 hiatus
684 2215 825 2294 seiungit,
855 2215 904 2296 qui
936 2226 1003 2295 post
1025 2217 1158 2297 quintam
1182 2217 1301 2280 iambici

127 2302 234 2366 senarii
257 2304 364 2366 thesim
389 2302 418 2363 h.
442 2310 557 2363 eante
584 2312 751 2364 extremum
779 2301 919 2363 creticum
943 2302 1093 2372 incidunt,
1121 2313 1209 2382 atque
1236 2303 1301 2365 aliis

126 2389 214 2451 libelli
238 2389 311 2451 locis
336 2389 374 2463 (v.
398 2407 425 2468 p.
450 2388 508 2449 221
535 2395 564 2449 et
586 2384 659 2464 238)
684 2386 771 2448 huius
794 2387 892 2449 hiatus
915 2395 947 2450 ut
970 2387 1091 2466 legitimi
1115 2389 1300 2450 mentionem

127 2475 210 2537 lacit:
238 2494 294 2536 nec
319 2482 421 2536 tamen
445 2473 663 2554 correptionem
693 2481 828 2550 excusat,
862 2474 914 2534 sed
944 2492 1058 2535 moram
1088 2492 1165 2554 quae
1192 2475 1224 2535 in
1246 2475 1303 2537 hao

125 2580 227 2623 versus
255 2561 326 2623 sede
353 2560 524 2622 intercedat.
568 2559 630 2620 Hoc
652 2567 751 2620 autem
781 2576 841 2620 non
867 2566 965 2640 potest
993 2578 1055 2620 non
1077 2558 1301 2639 reprehendi2).

126 2647 200 2708 Nam
224 2647 353 2727 primum
379 2646 487 2707 mirum
522 2654 567 2706 est
593 2654 708 2706 sextum
732 2645 891 2725 septenarii
916 2645 1056 2707 trochaici
1079 2645 1201 2724 pedem,
1235 2654 1304 2726 post

126 2751 215 2812 quem
242 2750 304 2793 non
337 2731 432 2793 rarius
459 2731 556 2794 hiatus
583 2730 739 2800 invenitur,
766 2730 953 2810 Spengelium
982 2729 1158 2810 neglexisse;
1193 2731 1302 2794 deinde

127 2828 192 2879 turn
215 2819 336 2879 demum
361 2816 480 2879 concedi
497 2835 585 2895 posse
601 2815 762 2889 crederem,
786 2816 810 2877 si
828 2817 959 2897 exempla
976 2816 1040 2878 eius
1056 2816 1172 2896 generis
1189 2828 1302 2890 essent,

127 2914 160 2965 ut
185 2922 241 2964 una
270 2913 299 2965 et
328 2903 429 2964 eadem
461 2920 516 2961 vox
544 2900 684 2962 creticum
714 2901 844 2982 expleret
868 2903 958 2962 —id
987 2903 1064 2982 quod
1095 2901 1135 2964 ita
1158 2919 1218 2963 uon
1242 2911 1302 2978 est3

128 2988 257 3068 denique
279 2988 336 3048 hoc
357 2987 513 3068 praecipue
536 2986 643 3055 obstat,
676 2987 754 3065 quod
771 2985 801 3047 in
825 2987 888 3047 aliis
911 3006 1050 3049 versuum
1073 2986 1191 3050 sedibus
1214 3007 1303 3068 pror·

128 3092 177 3134 sus
201 3073 326 3134 eundem
354 3082 422 3152 post
449 3073 549 3150 longas
580 3072 691 3132 vocales
721 3072 833 3134 hiatum
862 3072 1015 3135 habemus.
1060 3074 1141 3147 Quae
1168 3091 1237 3136 cum
1260 3075 1301 3137 ita

128 3159 197 3231 sint,
220 3159 267 3220 illa
291 3157 392 3239 opinio
416 3177 481 3222 mea
502 3157 704 3229 confirmatur,
728 3176 785 3237 qua
801 3157 947 3219 contendo
964 3158 994 3219 in
1011 3158 1151 3220 omnibus
1167 3159 1303 3222 thesibus

128 3246 231 3324 longas
254 3245 378 3314 vocales,
402 3244 462 3306 sive
485 3241 717 3322 monosyllabam
742 3244 803 3304 sive
831 3245 1035 3324 polysyllabam
1059 3263 1160 3306 vocem
1185 3245 1302 3320 liniunt,

128 3340 197 3393 ante
220 3331 429 3410 insequentem
454 3329 583 3391 vocalem
607 3346 622 3389 a
645 3328 751 3389 Plauto
774 3339 921 3409 correptas
944 3349 1018 3391 esse.

216 3415 251 3476 Et
273 3434 347 3495 quae
370 3433 456 3477 causa
480 3423 578 3496 potest
608 3414 727 3486 adferri,
759 3414 797 3475 ob
823 3433 910 3494 quam
943 3425 1082 3495 putemus
1105 3415 1244 3478 Plautum
1267 3417 1303 3480 ab

129 3520 161 3562 ea
184 3501 369 3581 correptione
383 3500 584 3571 abhorruisse,
607 3517 695 3578 quam
720 3499 843 3561 Naevius
859 3501 972 3563 Ennius
995 3502 1188 3573 admiserunt,
1211 3521 1301 3583 quam

130 3585 306 3666 posteriores
316 3595 419 3666 poetae
429 3585 559 3666 dactylici
569 3603 682 3658 omnes,
695 3604 781 3664 quam
791 3585 853 3665 ipse
860 3586 997 3648 Horatius
1007 3604 1067 3647 non
1075 3583 1302 3669 contempsit?¹)

215 3671 268 3733 Hic
300 3682 420 3751 quaerat
453 3671 615 3752 quispiam:
649 3667 747 3744 Quid?
778 3669 882 3733 breves
912 3673 1023 3734 vocales
1052 3689 1154 3734 nonne
1193 3674 1301 3736 eodem

130 3759 219 3820 modo
242 3777 301 3838 quo
323 3758 427 3836 longae
457 3777 523 3820 cum
555 3756 637 3818 biatu
664 3757 694 3816 in
723 3754 799 3817 thesi
829 3757 940 3836 positae
962 3766 1047 3828 sunt,
1073 3758 1113 3819 ita
1136 3767 1169 3819 ut
1192 3768 1243 3820 tua
1267 3762 1303 3821 de

132 3845 320 3923 correptione
342 3844 508 3905 coniectura
532 3852 609 3903 stare
632 3858 693 3901 uon
715 3839 829 3919 possit?
865 3842 970 3905 Fateor
992 3843 1142 3905 interdum
1166 3844 1196 3905 in
1220 3845 1302 3906 libris

131 3930 245 4010 scriptis
268 3929 295 3990 id
319 3938 472 4011 peccatum
489 3946 561 4001 esse,
584 3926 662 4007 quod
680 3934 749 4006 post
763 3925 884 3989 brevem
900 3928 1039 4007 syllabam
1059 3929 1156 3991 hiatus
1180 3931 1303 3993 exhihe-

129 4023 193 4091 tur3
217 4033 318 4076 verum
343 4023 441 4076 tamen
458 4023 572 4076 tantum
589 4012 682 4084 abest,
706 4020 739 4072 ut
761 4011 831 4074 haec
850 4022 911 4074 tam
927 4033 1017 4093 pauca
1033 4016 1165 4096 exempla
1178 4026 1303 4080 nostrae

131 4100 264 4182 opinioni
290 4109 468 4181 repugnent:
504 4097 592 4159 etiam
628 4097 755 4158 maxime
789 4097 816 4157 ei
848 4098 992 4179 praesidio
1026 4108 1106 4162 sunt.
1151 4101 1211 4163 Sed
1241 4121 1303 4183 quo

131 4187 223 4266 magis
246 4187 302 4248 hoc
332 4186 532 4265 intellegatur,
562 4183 693 4262 exempla
716 4181 823 4244 tradita
845 4182 972 4245 abscribi
996 4203 1117 4248 necesse
1139 4196 1194 4248 est.

191 4292 401 4404 *lille-orosam
420 4324 623 4377 semiuoveuario
643 4325 752 4389 eogitari
766 4323 836 4374 nullo
855 4327 929 4388 proto
942 4337 1017 4386 posse
1035 4338 1103 4388 supr.
1122 4339 1142 4372 c.
1156 4322 1176 4374 ll
1195 4322 1236 4388 §l
1258 4326 1302 4375 ad·

133 4399 357 4527 uotovpuvqs.huim
376 4461 469 4528 disput.
488 4476 598 4529 prooem.
