2856 4904
609 261 827 322 -79-

122 441 197 502 lruc.
220 440 257 513 2,
285 439 318 512 6,
344 437 402 498 29:
436 441 516 498 iatra
547 449 588 499 tot
621 439 680 499 dies
713 437 824 517 quidem
849 437 943 499 laerclc
968 441 1028 498 iam
1054 449 1149 500 naam
1168 435 1173 520 Ι
1192 441 1300 521 attam

125 531 250 608 mamad,
285 525 320 585 in
348 543 408 602 quo
431 533 482 584 aut
503 524 781 604 proceleusmaticus
805 543 857 602 pes
880 532 997 585 sextum
1020 525 1118 586 locum
1142 534 1225 587 tenet
1247 535 1300 588 aut

127 615 202 675 atera
226 611 320 672 verbi
352 614 477 690 oportuit
504 610 611 688 syllaba
640 609 807 688 corripitur.
852 610 944 688 Vulgo
972 628 1039 671 cunr
1067 611 1171 673 Bothio
1200 621 1299 673 trans·

128 698 239 779 panitur
267 697 384 776 nlr'praid
405 706 508 766 odam,
542 697 620 775 quod
655 696 778 756 minime
810 696 952 775 displicet
975 730 1017 739 -
1040 696 1195 758 Nonnullis
1228 699 1298 759 locis

127 784 236 854 helia,
264 800 333 844 non
356 783 388 842 iu
411 782 512 861 quinta
534 782 604 842 sede
626 781 701 842 hiari
724 791 836 859 potest:
858 790 926 861 post
948 792 1064 844 sextum
1080 784 1250 845 trochaeum
1267 785 1298 845 in

128 880 266 951 quattuor
301 867 454 928 versibus:
489 868 569 946 Capt.
599 867 627 941 3,
663 870 689 935 t,
714 866 772 938 21;
805 868 890 929 Caro.
914 866 943 940 2,
967 867 995 939 3,
1019 869 1074 938 55;
1106 869 1193 930 Truc
1216 868 1246 940 2,
1268 872 1298 942 7,

128 956 178 1028 to,
200 975 229 1014 a.
255 973 327 1034 sup.
351 973 377 1014 c.
401 953 427 1013 ll
448 957 466 1027 ξ
488 951 523 1026 2·,
544 952 629 1014 llost.
653 954 682 1023 5,
705 951 734 1023 2,
758 953 792 1014 6:
825 957 876 1034 pai
895 972 914 1013 a
933 964 1016 1033 patre
1037 957 1098 1016 aiat
1119 956 1299 1017 coaaliorem

129 1059 226 1121 pamm
252 1051 343 1120 atque
365 1058 460 1100 eccam
481 1051 606 1118 optaram
630 1040 660 1098 in
683 1058 803 1100 caesura
826 1048 927 1100 autom
949 1040 1095 1119 legitima:
1119 1042 1199 1102 Asin.
1215 1042 1244 1114 5,
1267 1039 1297 1111 2,

134 1126 178 1188 at:
209 1145 320 1188 musea
347 1135 380 1186 ta
405 1125 490 1185 illam
516 1125 597 1186 bodie
620 1129 752 1203 primum
778 1129 820 1185 ire
846 1125 995 1187 adsuetam
1021 1146 1078 1188 esse
1099 1130 1130 1189 ia
1149 1125 1298 1208 pomam?

135 1212 201 1274 lein.
226 1213 259 1284 5,
286 1211 318 1281 2,
342 1210 399 1283 863
421 1210 527 1271 Pseud.
551 1209 581 1280 2,
604 1211 633 1273 4.
658 1211 708 1282 61,
731 1212 767 1272 de
789 1211 897 1290 quibus
919 1212 985 1272 vide
1008 1231 1096 1293 supra
1119 1213 1299 1288 11113411

136 1298 156 1359 l.
194 1299 252 1359 Vix
275 1296 492 1358 adscribendus
518 1306 564 1356 est
587 1296 666 1358 Trin.
690 1298 719 1366 4,
743 1295 771 1367 3,
798 1295 849 1369 18;
883 1316 909 1356 1.
936 1315 1034 1376 supra.
1057 1333 1100 1341 —
1121 1299 1297 1361 Detrahendi

140 1384 264 1445 nentur
288 1392 351 1443 tres
374 1400 490 1443 versus:
514 1382 604 1442 Stich.
627 1384 654 1454 1,
677 1383 707 1455 2,
730 1381 788 1442 27;
812 1429 820 1444 .
845 1427 852 1441 .
876 1383 988 1462 calpom
1010 1386 1042 1445 ia
1061 1404 1091 1446 se
1112 1387 1297 1461 admiserim

137 1468 233 1532 itbac
255 1467 447 1529 Ambrosiani
471 1468 596 1529 lectione
618 1477 670 1528 aut
691 1469 806 1548 culpam
829 1488 888 1529 non
912 1468 1040 1541 eliditur,
1074 1478 1124 1532 aut
1153 1474 1201 1534 sed
1227 1490 1297 1552 pro-

134 1555 329 1617 nuntiandum
353 1560 411 1626 est3
441 1561 470 1614 at
492 1562 572 1614 recte
595 1573 628 1614 ex
652 1554 791 1615 Palatinis
814 1573 872 1616 sese
893 1555 1044 1635 recipitur,
1074 1556 1141 1636 quia
1170 1558 1297 1620 alterum

133 1641 293 1703 arlacilius
317 1639 462 1701 omissum
486 1658 574 1721 quam
597 1640 730 1701 additum
760 1649 815 1702 est.
859 1640 902 1700 Ex
936 1641 1090 1721 Rescripto
1123 1643 1298 1705 emendatus

133 1736 170 1789 at
190 1747 218 1786 1.
242 1725 352 1787 Pseud.
380 1727 406 1798 1,
429 1725 458 1797 2,
481 1726 538 1786 66:
568 1725 646 1803 (cras
668 1736 702 1796 te,
725 1730 809 1806 paesi
827 1726 947 1787 Dircam
969 1729 1037 1789 olim
1061 1773 1068 1786 .
1093 1728 1114 1807 .)
1136 1727 1298 1791 Deommere
1355 1742 1358 1748 ’

131 1813 163 1874 ad
182 1824 317 1882 maram,
339 1814 407 1873 item
428 1830 478 1890 epo
500 1823 525 1874 te
549 1813 716 1892 distriapom
737 1812 776 1874 ad
797 1817 979 1886 carnariam3
1002 1813 1045 1884 id;
1069 1814 1160 1874 ceteri
1182 1815 1297 1875 codices

132 1916 298 1979 perperam:
321 1900 388 1958 item
408 1897 488 1959 bodie
510 1902 648 1977 strt'rtpom
668 1898 673 1977 Ι
692 1898 730 1958 ad
745 1945 751 1957 .
769 1919 791 1972 .;
815 1908 844 1959 et
859 1898 985 1959 EGOTE
1000 1918 1054 1980 pro
1070 1898 1193 1971 llOlllll,
1217 1900 1297 1979 quod

133 1995 245 2066 propter
268 1983 450 2064 praecedens
473 2002 538 2045 eros
558 1983 627 2043 ferri
651 2003 712 2044 non
736 1993 843 2064 potest,
865 1984 924 2045 iam
946 1986 1096 2047 Usenerus
1111 1986 1188 2065 (lud.
1206 1986 1296 2047 schol.

132 2079 195 2132 aest.
219 2069 389 2149 Gryphisw.
417 2089 441 2130 a.
468 2069 548 2130 1866
571 2087 599 2148 p.
623 2069 654 2144 6)
682 2071 852 2132 coniectura
880 2080 1031 2133 assecutus
1061 2080 1133 2133 erat.
1179 2071 1297 2134 Tertius

132 2156 255 2237 denique
279 2176 295 2216 a
319 2156 432 2234 Guyeto
454 2154 531 2216 bene
554 2155 724 2235 corrigitur:
752 2157 838 2218 llere.
863 2157 891 2230 5,
915 2160 943 2229 4,
970 2158 1023 2219 ld:
1051 2169 1164 2238 optume
1190 2158 1297 2234 bercle3

134 2258 204 2322 pape
231 2234 372 2324 <perpe):
404 2259 452 2321 epo
474 2241 611 2303 adsistam
631 2242 698 2303 da'ne
720 2242 905 2316 altrinsecas3
936 2261 1002 2304 nam
1030 2263 1113 2326 perpe
1138 2262 1224 2325 perpe
1251 2246 1297 2306 vel

138 2344 204 2407 perpe
221 2345 317 2408 porra
340 2326 444 2388 eodem
468 2329 556 2389 modo
580 2346 639 2406 quo
662 2327 737 2387 llen.
764 2330 790 2396 1,
814 2326 844 2400 2,
866 2329 904 2388 41
928 2329 1155 2391 restituendam.

207 2419 288 2474 Ante
313 2422 476 2474 extremum
500 2412 641 2475 creticum
665 2413 737 2474 haec
759 2411 849 2473 habes
871 2413 901 2473 in
929 2415 1113 2493 septenario:
1152 2418 1178 2475 l.
1213 2415 1296 2475 Cure.

135 2496 157 2571 2,
169 2499 197 2573 3,
215 2499 274 2560 79:
298 2497 371 2560 talos
392 2502 510 2578 arripio,
532 2503 630 2564 invoco
653 2499 762 2559 almam
776 2518 870 2560 meam
884 2504 1024 2560 nutrimur
1043 2497 1047 2581 1
1067 2499 1234 2573 Herculem3
1256 2500 1298 2560 sic

133 2582 302 2664 Spengelius
319 2583 425 2663 (Plaut.
443 2605 470 2665 p.
487 2583 576 2661 215),
599 2585 645 2645 alii
669 2585 745 2646 varie
768 2603 885 2646 versum
908 2591 1111 2647 tentaverunt:
1136 2586 1297 2647 111111111-

131 2670 246 2732 eisenus
269 2670 343 2731 milri
363 2679 543 2748 postaticum
564 2671 672 2744 iniecit,
695 2670 818 2731 Bothius
833 2670 1019 2744 matricolam,
1042 2670 1178 2732 Goetzius
1201 2674 1297 2734 num·-

130 2760 198 2818 aiam
221 2754 462 2829 introducebant,
492 2756 649 2819 Muellerus
672 2756 807 2817 ordinem
832 2755 983 2818 immutari
1006 2756 1102 2818 iussit.
1148 2757 1174 2818 2.
1211 2757 1295 2818 Caro.

128 2843 153 2916 5,
167 2842 199 2916 2,
216 2841 272 2903 35;
296 2842 369 2903 nibil
390 2851 438 2912 est,
461 2843 535 2921 qaod
555 2842 603 2904 ille
627 2844 701 2905 dicit.
724 2844 774 2922 sar
795 2862 839 2905 mc
855 2847 1009 2916 certiorem,
1031 2839 1180 2926 lobnam,
1202 2843 1295 2905 inter-

126 2928 249 3006 ponitur
271 2937 296 2988 te
318 2937 435 3008 praeter
457 2928 554 2990 Plauti
585 2929 849 3002 consuetudinem,
881 2929 905 2990 is
934 2930 1012 2992 enim
1041 2947 1207 3009 pronomen
1235 2931 1296 2990 iere

125 3030 187 3075 non
211 3013 304 3093 pouit,
328 3015 351 3074 si
375 3014 486 3075 obsecro
508 3016 647 3094 precandi
671 3033 758 3076 causa
782 3023 932 3096 tamquam
955 3015 1122 3078 interiectio
1152 3017 1295 3095 quaedam

126 3097 216 3160 verbo
240 3098 324 3160 finito
347 3099 478 3178 adiungit
500 3101 549 3174 (cf.
572 3119 653 3182 supr.
670 3103 688 3175 3
706 3103 746 3177 1).
777 3101 839 3173 Qua
862 3102 898 3175 de
921 3120 1008 3164 causa
1030 3100 1185 3180 Ussingius
1208 3119 1297 3163 versu

126 3184 164 3246 31
190 3183 235 3246 uti
258 3204 319 3246 non
342 3185 454 3258 debuit,
478 3194 581 3265 utpote
603 3187 634 3247 in
657 3205 716 3267 quo
739 3187 886 3248 sententia
910 3187 1083 3249 secundaria
1106 3188 1304 3248 adnectatur:¹

125 3280 150 3331 te
173 3270 296 3342 obsecro,
318 3273 517 3350 at..1'aaias.
547 3270 576 3331 3.
599 3272 683 3352 Epid.
708 3272 736 3342 2,
760 3272 789 3344 2,
813 3271 871 3333 861
902 3292 979 3334 natac
1002 3275 1134 3334 occasiost
1155 3272 1295 3352 sacranda,

121 3359 293 3437 priusquam
307 3361 337 3418 ia
352 3358 453 3419 arbem
472 3354 477 3438 Ι
496 3356 623 3431 adamim
640 3357 785 3419 Acidaliae
798 3359 944 3420 advenerit
955 3358 1148 3420 substituerat
1160 3358 1296 3438 idemque

126 3441 246 3503 Goetzio
268 3443 414 3522 probavit:
439 3443 490 3504 sed
513 3461 653 3523 praesens
669 3453 786 3523 tempus
802 3444 878 3524 apud
895 3445 1032 3506 Plautum
1049 3443 1213 3522 legitimum
1230 3462 1295 3505 esse

126 3527 281 3607 Ussingius
305 3529 445 3590 ostendit.
492 3530 520 3588 4.
543 3528 601 3590 Mil.
618 3529 646 3601 4,
672 3528 701 3599 8,
727 3528 782 3589 to:
805 3548 874 3591 nam
895 3530 967 3592 nibil
988 3532 1088 3601 miror,
1111 3533 1138 3591 si
1157 3529 1294 3603 lubenter,

126 3611 372 3685 Philocomasium,
393 3612 398 3696 Ι
416 3615 461 3676 tte
483 3633 563 3689 eras3
592 3614 728 3676 codicum
759 3615 937 3695 scripturam
962 3615 1137 3696 Spengelius
1164 3616 1296 3678 defendit

126 3697 164 3777 (v.
181 3699 275 3760 Plaut.
291 3719 318 3779 p.
337 3699 428 3774 218),
451 3719 548 3780 neque
575 3694 643 3782 (ta)
661 3700 704 3761 laia
727 3708 778 3761 aut
798 3696 901 3783 (cam)
925 3702 976 3762 doc
998 3705 1130 3763 antistio
1152 3702 1295 3780 scriptum

125 3785 218 3846 luisse
235 3785 321 3847 nobis
336 3787 541 3866 persuadetur.
573 3787 600 3846 5.
619 3785 675 3846 Mil.
692 3787 722 3856 5,
738 3784 772 3846 7;
795 3790 876 3866 perii.
893 3821 934 3832 -
950 3786 1037 3850 Hand
1051 3791 1151 3860 etiam3
1172 3804 1293 3848 mamere

123 3871 174 3932 boc
197 3872 275 3932 dicis.
298 3875 392 3933 iamne
418 3876 450 3933 ia
474 3873 616 3935 bominem
635 3870 639 3952 Ι
658 3869 775 3933 moola?
808 3872 983 3935 llitsohelius
1011 3891 1061 3952 epo
1090 3872 1202 3946 inserit,
1236 3877 1294 3934 iam

124 3975 202 4019 nanc
228 3961 259 4018 ia
287 3957 475 4020 scribendum
506 3977 570 4020 esse
592 3958 718 4020 coniecit
740 3956 927 4021 Ribbeclriua.
974 3958 1001 4020 6.
1025 3958 1109 4018 Most.
1133 3958 1162 4032 2,
1188 3960 1214 4028 1,
1240 3957 1293 4018 30:

126 4044 190 4104 iaie
217 4038 319 4126 (eam)
346 4044 424 4106 abire
445 4062 580 4118 rursum,
613 4044 681 4124 qaid
702 4044 749 4106 alli
770 4044 872 4107 reditio
894 4048 977 4107 etiam
1004 4041 1009 4125 Ι
1034 4044 1088 4105 bac
1115 4040 1193 4124 fait?
1226 4062 1293 4105 cum

127 4129 294 4190 Camerario
310 4131 462 4211 transponi
478 4131 552 4191 solet
574 4130 629 4191 dac
643 4134 736 4191 etiam.
768 4131 795 4192 7.
820 4131 925 4192 Pseud.
944 4132 970 4203 1,
989 4129 1016 4202 3,
1034 4129 1108 4190 115;
1131 4132 1151 4202 i,
1164 4129 1294 4210 plodiam

125 4216 277 4295 111111.-
294 4212 370 4286 Qaid
392 4233 462 4294 opas
482 4212 599 4295 plodio?
613 4250 654 4257 —
672 4213 732 4287 Qai
742 4216 817 4278 banc
831 4218 957 4279 occidam
977 4211 981 4298 l
1001 4224 1083 4296 atque
1105 4233 1165 4290 me3
1188 4234 1294 4296 quam·

127 4301 170 4360 vis
193 4301 431 4362 emendationem
446 4301 623 4363 thscbelius
642 4301 798 4380 improbat,
822 4321 889 4364 cum
905 4302 938 4362 N.
955 4319 1015 4362 exc.
1035 4303 1060 4370 l,
1077 4299 1118 4360 64
1133 4300 1292 4362 ablativum

126 4387 193 4466 qaid
226 4386 346 4447 inducit.
392 4386 476 4459 Quod
500 4406 568 4448 vero
591 4387 744 4466 Ussingius
772 4388 801 4448 iu
830 4388 935 4449 ultimo
963 4405 1048 4448 versu
1077 4395 1158 4466 atque
1187 4391 1293 4448 enicem
