2902 4890
624 279 844 344 ,18-

536 498 565 558 7.
598 497 646 560 lle
669 508 839 561 extremo
862 517 929 561 am.

226 621 287 684 liae
309 631 380 685 sunt
402 620 625 703 monosyllabae
648 642 736 686 voces
757 624 788 685 in
812 624 929 703 longam
953 624 1081 687 vocalem
1099 623 1144 684 rel
1166 624 1199 685 iu
1224 623 1315 706 diph-

141 707 285 788 tbongnm
308 709 460 780 cadentem
488 726 569 770 nnnc
591 727 638 770 eas
662 709 897 785 consideremus,
927 729 1003 790 quae
1033 729 1062 771 m
1086 727 1215 771 consona
1245 709 1316 772 tini-

141 801 242 856 nntnr.
281 794 366 856 Hono
385 792 477 873 igitur
499 793 626 856 litteram
651 795 758 857 vocalis
781 814 796 857 a
820 796 970 876 praecedit
991 796 1023 856 in
1045 795 1141 857 tribus
1163 795 1314 858 vocabulis

139 881 201 942 iem
221 898 292 942 nom
312 897 409 962 mom.

224 963 288 1028 lom
313 982 376 1027 non
405 964 600 1026 coniunctum
629 965 673 1026 his
697 966 840 1046 exemplis
867 964 1051 1028 detenditur:
1080 966 1145 1028 bul.
1168 963 1198 1038 2,
1221 965 1260 1040 3,Ι
1278 968 1313 1028 7:

107 1092 110 1097 -
139 1061 224 1133 etque
245 1050 360 1113 occlude
382 1052 468 1113 dedic.
493 1055 552 1112 iam
571 1047 575 1131 Ι
595 1068 643 1130 epo
662 1047 667 1131 Ι
686 1051 731 1112 laio
753 1053 849 1114 odero.
870 1088 911 1096 -
936 1050 1014 1125 Quid
1034 1070 1083 1130 epo
1103 1070 1181 1113 cuce
1202 1049 1314 1132 opem?

139 1136 314 1217 scengelius
338 1135 445 1211 (Plaut.
468 1155 497 1216 p.
519 1136 594 1210 223)
619 1137 665 1197 vix
688 1145 765 1198 recte
788 1137 925 1200 occludite
947 1137 1034 1200 scribi
1056 1136 1148 1209 iubet,
1171 1137 1311 1200 Goetzius

140 1240 209 1285 enm
242 1221 357 1303 Guyeto
392 1222 562 1301 transponit
594 1233 676 1302 mque
710 1222 787 1284 cedia
818 1223 995 1286 occlude..
1030 1222 1113 1303 Capt.
1141 1221 1170 1293 3,
1202 1223 1231 1296 5,
1257 1223 1311 1284 91:

137 1310 258 1388 perietis,
290 1312 327 1371 oi
352 1307 428 1370 bunc
455 1311 516 1369 iam
535 1305 540 1390 Ι
559 1328 574 1370 e
597 1318 745 1389 conspectu
767 1308 920 1383 cocceius
954 1309 1038 1389 Epid.
1061 1309 1091 1382 5,
1114 1307 1143 1381 2,
1167 1307 1203 1369 3;
1233 1319 1312 1382 tocc‚·

139 1395 200 1457 eine
232 1394 317 1456 modo
349 1411 393 1456 ote
425 1395 566 1456 bominem
602 1397 699 1474 apisci.
723 1429 763 1438 -
786 1394 856 1456 Dico
888 1412 937 1475 epo
971 1395 1021 1457 tili
1046 1398 1113 1466 mm,
1133 1392 1138 1477 Ι
1157 1404 1191 1456 et
1218 1398 1309 1468 aeice3

139 1478 260 1543 initium
276 1497 377 1542 versus
394 1478 532 1541 Goetzius
553 1480 685 1541 restituit
707 1497 762 1559 pro
784 1490 846 1542 loce
867 1483 905 1542 sis
925 1479 1008 1541 modo
1030 1483 1089 1542 siae
1111 1499 1156 1542 me
1177 1526 1185 1540 .
1203 1526 1210 1540 .
1226 1479 1310 1542 Trio.

139 1565 169 1639 2,
192 1564 222 1637 4,
247 1564 325 1627 181:
352 1559 441 1649 (coz)
467 1576 498 1626 tu
519 1567 591 1627 istuc
613 1583 685 1627 coro
708 1565 783 1646 quod
803 1569 890 1628 iussi:
912 1584 961 1645 epo
983 1569 1042 1629 iem
1061 1563 1067 1647 Ι
1084 1566 1128 1628 lic
1150 1584 1218 1639 ero;
1245 1564 1309 1627 Rit-

140 1650 270 1713 scbelins
292 1651 364 1713 satis
387 1651 512 1713 moleste
535 1661 561 1712 te
583 1659 650 1712 ante
670 1654 743 1713 abasi
767 1651 855 1713 addit.
885 1651 972 1712 Troe.
1001 1652 1031 1724 2,
1061 1651 1090 1726 6,
1119 1651 1175 1712 57;
1208 1653 1285 1733 pecii
1299 1648 1304 1729 Ι
1350 1674 1355 1684 ·

138 1736 231 1800 bercle
251 1741 351 1799 miser:
381 1739 441 1799 iem
462 1734 467 1818 Ι
485 1754 558 1797 coro
581 1746 681 1798 contro
702 1746 811 1798 condet
836 1737 930 1818 filium
961 1737 1109 1817 Spengelii
1139 1737 1308 1798 coniectore

138 1822 302 1885 aurichalco
325 1832 424 1884 contro
446 1831 572 1902 uterque
595 1822 691 1883 hiatus
714 1822 791 1885 baud
813 1822 1051 1903 improbabiliter
1065 1822 1195 1896 tollitur3
1219 1831 1308 1901 atque

141 1909 171 1971 in
193 1907 301 1970 tabulis
326 1917 356 1970 et
378 1908 434 1970 boc
456 1915 486 1969 et
514 1907 585 1969 illud
615 1909 767 1969 invenitur
790 1908 840 1984 (ct.
864 1908 929 1970 Uss.
953 1908 988 1970 ad
1013 1909 1096 1969 Cure.
1121 1907 1206 1980 201).
1251 1907 1308 1968 Sed

138 1993 186 2056 ille
208 1993 351 2055 orationis
374 1993 488 2055 vanitas
512 1993 603 2054 milite
626 1992 745 2071 dignior
767 2003 821 2064 est,
850 2013 940 2075 qnam
967 1999 1001 2055 ut
1023 1993 1060 2055 ali
1084 2012 1119 2054 ua
1150 2011 1217 2071 pars
1239 1993 1310 2053 inde

107 2114 111 2121 ·
138 2078 321 2141 detrahatur.
367 2077 481 2141 Goetzii
510 2096 579 2140 vero
610 2079 755 2158 scriptura
780 2083 858 2158 perii
886 2079 978 2142 hercle
1003 2012 1090 2164 <opib
1114 2081 1217 2140 m-a'ser:
1250 2081 1310 2139 iem

141 2161 219 2246 (mi)
245 2182 319 2227 ottro
342 2209 349 2226 .
374 2210 380 2224 .
404 2162 610 2245 probabilitate
633 2173 721 2226 caret.
765 2163 852 2226 Truc.
876 2164 906 2238 2,
935 2166 963 2237 7,
987 2167 1024 2225 51
1051 2172 1081 2226 et
1103 2165 1158 2224 52:
1190 2163 1310 2225 obium

137 2269 231 2313 ccum
253 2250 327 2313 oddo
348 2252 433 2312 istdc:
468 2253 528 2311 iem
547 2245 551 2332 Ι
570 2249 662 2311 hercle
681 2247 686 2331 Ι
706 2251 755 2329 e'po
784 2259 811 2311 te
836 2250 881 2312 bic
906 2250 959 2312 doc
987 2251 1095 2332 offdtim
1117 2249 1242 2329 ossuum.
1267 2284 1310 2294 -

140 2331 233 2418 Tdrepe
254 2336 354 2398 modo:
388 2337 448 2396 iem
467 2331 472 2415 Ι
491 2334 539 2415 epo
559 2333 564 2416 Ι
583 2335 625 2397 llic
655 2353 762 2415 mum
782 2336 891 2416 fdciom
913 2346 941 2398 ct
961 2336 1085 2398 medium
1106 2335 1310 2404 discredendo:

138 2420 171 2484 in
194 2422 292 2503 priore
314 2439 400 2483 versu
430 2419 566 2483 facillime
594 2439 662 2482 cum
687 2419 844 2501 Spengelio
866 2425 925 2483 inm
948 2421 1122 2502 duplicatur.
1160 2419 1193 2480 ln
1216 2419 1311 2481 altero

138 2506 217 2569 idem
234 2507 279 2570 vir
302 2508 407 2569 doctus
429 2507 481 2569 boo
503 2514 571 2587 post
591 2506 636 2568 bic
658 2506 837 2578 inserueram
861 2507 1028 2586 quodcum
1051 2506 1193 2568 caducum
1211 2505 1250 2565 sit
1265 2541 1309 2552 -

138 2613 165 2654 v.
190 2592 326 2655 Soboellii
350 2592 451 2654 adnot.
474 2626 525 2663 --,
552 2603 655 2672 postea
677 2591 727 2670 (de
748 2611 806 2653 cm.
831 2601 916 2654 metr.
939 2611 968 2672 p.
1002 2591 1077 2669 425)
1105 2609 1211 2671 opuum
1243 2587 1307 2675 (te)

137 2680 247 2760 facicm
280 2679 305 2740 ei
339 2679 460 2759 placuit.
504 2677 542 2738 Et
562 2676 619 2739 hoc
641 2677 729 2738 habet
759 2696 819 2757 quo
847 2697 879 2739 se
907 2679 1110 2747 commendem
1143 2676 1173 2736 id
1207 2685 1309 2738 tamen

139 2764 201 2826 tleri
218 2764 296 2827 nulla
318 2763 433 2826 ratione
456 2769 565 2842 potest,
588 2771 622 2823 ut
636 2762 783 2843 anapaesti
800 2781 902 2824 versus
917 2765 985 2824 sint.
1001 2799 1043 2808 -
1057 2762 1306 2823 ddnumerandns

139 2860 194 2922 ent,
223 2848 280 2911 nisi
302 2847 379 2909 iorte
400 2848 451 2910 obi
470 2847 502 2909 in
524 2847 686 2929 posteriore
709 2846 816 2928 syllaba
839 2867 943 2911 acuere
967 2849 1068 2921 mavis,
1097 2867 1123 2909 v.
1146 2848 1252 2927 Amph.
1279 2848 1307 2919 1,

140 2932 169 3003 3,
193 2934 249 2996 45;
273 2952 379 3010 eomes,
402 2933 585 3013 impletatem
615 2933 729 2995 lucescit
751 2934 801 2995 boc
822 2937 888 2996 iem
913 2970 953 2980 --
975 2934 1031 2996 Abi
1047 2951 1129 3014 proc,
1153 2932 1242 2994 Sosio.
1265 2966 1308 2976 -

139 3019 232 3081 Porro
260 3020 375 3081 duobus
405 3019 476 3080 locis
510 3018 603 3079 codex
631 3019 712 3081 dlter
741 3019 897 3083 Camerarii
927 3021 1031 3081 tradit:
1059 3018 1115 3080 Mil.
1140 3019 1169 3090 4,
1199 3018 1227 3090 9,
1254 3017 1306 3077 11;

138 3108 216 3186 ipsus
243 3104 302 3167 illic
330 3123 360 3166 se
388 3108 448 3166 idm
471 3101 475 3182 Ι
500 3104 637 3184 inpedivit
664 3107 694 3165 iae
731 3105 848 3185 plepem
889 3106 968 3166 Pers.
1003 3111 1030 3178 1,
1061 3103 1090 3177 3,
1132 3105 1185 3165 ll:
1227 3104 1309 3184 iem}

139 3190 312 3272 adfuturum
328 3236 335 3250 .
352 3210 377 3263 .;
399 3191 451 3251 sed
467 3189 500 3252 in
518 3189 620 3252 Vetere
635 3199 707 3252 sunt
721 3210 779 3252 sese
794 3191 922 3270 (illicere)
938 3200 967 3252 et
981 3194 1041 3252 iooe
1055 3190 1099 3252 lic
1114 3190 1176 3269 cdl.
1204 3189 1307 3269 Neque

139 3276 222 3339 aliter
251 3276 282 3338 in
305 3276 436 3338 Poenulo
459 3274 671 3337 Ambrosianus
695 3277 822 3347 dilidam,
851 3277 941 3338 ceteri
969 3294 1036 3337 cnm
1059 3275 1143 3336 hiatu
1165 3275 1305 3336 adserunt

139 3362 230 3425 Poen.
254 3362 283 3436 2,
306 3362 385 3423 aba:
410 3361 535 3441 colaphis
556 3361 670 3441 quidem
690 3361 783 3425 berete
805 3371 883 3423 tuom
905 3366 963 3423 iem
983 3359 987 3440 Ι
1007 3361 1111 3422 elidem
1134 3371 1226 3440 caput.

223 3449 355 3509 Alterum
378 3445 554 3508 vocabulum
578 3465 646 3508 eom
673 3446 786 3507 hiatum
814 3447 919 3525 recipit
948 3447 1012 3507 Aul.
1036 3449 1064 3521 4,
1089 3448 1117 3520 5,
1149 3446 1184 3507 3:
1211 3441 1306 3525 nemi

137 3533 181 3596 liic
201 3536 259 3595 iem
280 3551 339 3595 ooo
362 3532 475 3594 audebit
497 3549 603 3594 curem
626 3533 808 3606 obstruder03
839 3532 921 3612 Epid.
947 3534 974 3603 1,
1001 3533 1027 3604 1,
1050 3531 1106 3594 48;
1129 3549 1181 3591 oce
1202 3535 1306 3593 mismo

137 3612 225 3682 midi!
247 3619 321 3680 mole
332 3618 460 3698 perdidit
473 3612 535 3680 me!
549 3654 590 3662 —
608 3618 684 3692 Quid
698 3615 792 3681 istuc?
813 3619 949 3698 quidcem
968 3615 972 3697 Ι
993 3615 1056 3679 cst?
1077 3616 1156 3678 Men.
1175 3617 1203 3689 1,
1228 3619 1254 3688 1,
1272 3615 1305 3676 6:

137 3722 207 3767 eom
225 3702 229 3785 Ι
249 3704 359 3766 domiui
378 3705 480 3765 misero
502 3706 528 3765 ei
549 3703 587 3764 od
613 3704 723 3765 molum
750 3703 857 3766 cecedit
883 3705 994 3766 mulum
1014 3702 1108 3765 Maior
1137 3701 1234 3764 lubido
1267 3711 1307 3763 est

135 3791 237 3871 supere
260 3835 267 3850 .
292 3834 299 3850 .
321 3787 453 3851 Muelleri
474 3808 542 3849 eom
568 3784 655 3872 (boc)
685 3789 795 3851 domici
825 3790 1002 3852 deteriorem
1030 3788 1100 3850 iacit
1129 3787 1307 3859 orationem,

137 3875 207 3957 quia
229 3874 343 3938 dativus
365 3874 475 3936 domici
493 3878 597 3939 moero
620 3894 679 3936 non
704 3875 801 3936 solum
831 3894 899 3937 cum
932 3873 1078 3936 sententia
1107 3872 1304 3935 condicionali

136 3964 164 4023 ai
178 4004 186 4022 .
204 4006 211 4022 .
228 3961 343 4032 accedit,
365 3978 468 4022 verum
485 3961 572 4022 etiam
588 3979 655 4023 curn
672 3959 811 4042 primaria
828 3960 976 4024 sententia
991 3963 1085 4021 maior
1100 3956 1196 4020 lubido
1212 3969 1253 4020 cst
1273 4005 1280 4020 .
1298 4003 1306 4018 .

137 4046 324 4127 copulandus
346 4057 401 4108 est.
444 4045 522 4108 Men.
546 4045 576 4119 2,
604 4046 633 4115 2,
660 4046 715 4108 18:
750 4064 819 4108 eom
837 4045 843 4128 Ι
863 4047 988 4128 equidem
1014 4049 1151 4108 ieronem
1170 4039 1174 4127 Ι
1193 4062 1252 4105 esse
1280 4054 1305 4106 te

138 4142 216 4194 certo
238 4135 310 4208 seim
336 4131 396 4193 ltlil.
420 4130 450 4205 2,
472 4133 501 4206 4,
526 4132 558 4192 7:
589 4133 717 4213 despicis
738 4131 871 4217 monibus
892 4130 1054 4210 pdtibclum
1076 4147 1161 4212 quom
1182 4128 1305 4192 teleto.

136 4251 178 4261 -
195 4216 361 4290 Quemnam
381 4215 386 4297 Ι
406 4216 438 4278 db
453 4214 537 4278 rem?
552 4216 634 4279 Pers.
650 4217 679 4290 2,
696 4217 725 4289 3,
745 4218 802 4278 14;
826 4234 895 4278 nam
914 4213 918 4298 Ι
938 4215 969 4276 td
984 4217 1097 4278 demum
1112 4214 1239 4297 lepidalm
1255 4225 1305 4288 eat,

135 4305 277 4384 tn'porcos
297 4303 450 4381 [immersi
473 4302 589 4375 vitulos,
613 4304 720 4377 avidos,
743 4303 849 4375 dandos,
872 4320 960 4382 quem
985 4320 1104 4364 versum
1126 4300 1305 4363 liitscbelins

132 4406 190 4467 pro
213 4388 382 4470 septenario
406 4388 554 4452 trochaico
578 4388 699 4469 accipit3
722 4387 787 4468 ipse
808 4388 845 4450 ab
869 4388 925 4450 boc
947 4405 1033 4449 versu
1055 4385 1196 4450 iambicos
1219 4394 1305 4448 octo-
