2856 4904
650 273 868 338 ..90-

173 449 262 512 eliam
292 448 443 512 lenissima
465 450 630 514 mutatione
653 453 683 513 in
705 451 853 530 integrum
877 451 1084 515 restituuntur.
1128 453 1245 526 Quare
1273 471 1342 515 cum

172 548 240 616 post
263 537 366 616 longas
389 538 503 598 vocales
527 539 708 619 saepissime,
743 548 810 618 post
840 541 943 600 breves
973 557 1119 619 nusquam
1147 538 1339 612 ie1·ehietur·,

168 624 230 703 ipse
264 622 346 684 facile
375 623 525 702 iudicabis,
554 643 641 705 quam
672 644 739 685 vare
762 626 863 704 longas
886 625 999 687 vocales
1028 645 1096 688 cum
1126 625 1207 687 hiatu
1230 625 1341 707 corripi

168 728 254 790 posse
277 728 460 771 censeamus.

257 795 314 856 Sed
337 796 367 857 in
391 795 592 857 enumerando
616 813 666 856 eos
689 795 787 857 hiatus
810 814 899 875 supra
922 796 1138 877 praeterimus,
1171 796 1202 856 in
1231 796 1341 876 quibus

170 899 316 962 personae
351 882 475 943 mutatio
503 889 554 942 ant
581 880 686 943 incisio
714 881 845 960 legitima
876 882 1009 944 excusari
1031 889 1128 963 potest
1150 889 1180 943 et
1202 890 1341 944 excusata

168 975 214 1028 ast
235 965 274 1046 (v.
298 987 362 1047 sup.
387 987 411 1029 o.
435 967 460 1027 ll
483 970 501 1041 ξ
527 967 568 1041 1).
615 966 637 1028 li
670 967 750 1027 enim
781 975 901 1030 nostrae
928 969 1061 1048 opinioni
1088 967 1192 1029 obesse
1216 967 1342 1029 minime

167 1060 303 1133 possunt,
338 1049 452 1114 etiamsi
482 1071 590 1132 magno
620 1070 744 1114 numero
772 1053 956 1130 legerentun
988 1072 1068 1115 nunc
1096 1064 1165 1114 vero
1192 1053 1270 1115 haull
1300 1052 1341 1114 ita

168 1140 272 1201 crebro
296 1138 496 1200 inveniuntur.
540 1139 612 1200 Nam
645 1155 788 1217 personae
811 1146 941 1201 mutatae
964 1138 1153 1202 excusatione
1175 1138 1206 1198 hi
1228 1139 1341 1200 senarii

168 1224 382 1286 defenduntur:
415 1224 495 1292 Asin,
519 1227 548 1296 4,
574 1225 602 1294 1,
628 1224 682 1285 10:
716 1221 845 1286 44144441)
869 1220 874 1304 Ι
899 1258 941 1269 -
963 1226 1057 1294 Adde,
1091 1235 1117 1286 41
1143 1225 1252 1286 scribor
1277 1224 1342 1285 vide

163 1310 252 1391 plone
274 1320 301 1371 41
318 1310 421 1390 probe;
444 1309 550 1371 Pseud.
577 1310 604 1381 1,
631 1309 656 1381 l,
679 1308 736 1369 29:
760 1309 818 1388 1494
838 1311 884 1371 441
904 1310 1025 1373 tobalias
1045 1309 1139 1372 radda.
1161 1309 1226 1389 Ι-
1248 1308 1342 1370 Immo

166 1401 243 1457 enim
263 1397 424 1475 perlegam,
447 1395 529 1456 Pers.
548 1397 575 1467 1,
592 1393 621 1464 3,
642 1392 694 1455 79:
719 1391 831 1456 πόθεν
853 1391 1042 1459 ornamento?
1063 1393 1128 1478 Ι-
1152 1395 1205 1456 454
1219 1394 1342 1474 4544494

166 1485 285 1555 semitm
308 1481 373 1542 Aul.
397 1481 425 1554 3,
449 1480 479 1551 6,
502 1480 551 1549 34,
575 1481 611 1542 do
633 1498 692 1560 quo
715 1499 741 1540 v.
765 1498 844 1558 supr.
868 1499 891 1542 c.
916 1482 942 1542 ll
964 1486 982 1557 ξ
1006 1484 1041 1554 7;
1071 1480 1157 1542 llere.
1177 1481 1210 1553 4,
1233 1481 1261 1550 4,
1285 1479 1343 1540 224

165 1568 238 1629 milri
250 1568 363 1648 puidam
377 1565 479 1629 1444414.
501 1563 505 1646 Ι
525 1564 626 1626 —Ito
647 1584 690 1626 mc
712 1566 818 1627 amobit
839 1565 984 1646 luppiter3
1007 1567 1098 1628 Poen.
1115 1568 1144 1638 1,
1164 1567 1191 1639 1,
1207 1566 1262 1626 45:
1282 1585 1343 1629 4444

166 1649 307 1716 44142-
329 1653 393 1714 Non
414 1651 517 1713 1444414.
538 1650 542 1731 Ι
561 1685 603 1695 -
626 1650 661 1712 At
682 1670 730 1731 494
751 1655 811 1712 ium
833 1653 906 1731 focco
928 1657 1010 1727 sciam
1044 1660 1074 1712 at
1101 1652 1183 1714 valde
1216 1652 1341 1730 dignum

167 1740 246 1819 quod
270 1746 438 1817 spectemus
460 1738 489 1798 id
514 1745 568 1808 ast,
603 1738 681 1815 quod
706 1735 823 1798 tertium
855 1739 1024 1818 exemplum
1051 1737 1083 1797 in
1112 1756 1242 1809 caesura,
1277 1747 1342 1798 tres

166 1824 344 1904 posteriores
367 1832 436 1903 post
457 1821 552 1884 hercle
575 1822 737 1884 orationem
760 1821 874 1883 finitam
899 1823 1018 1886 habent.
1042 1822 1180 1894 -Tres
1213 1834 1344 1902 possunt

165 1911 319 1971 accedere:
348 1909 437 1970 Poen.
463 1909 543 1992 1,1,
566 1905 621 1967 23;
653 1908 725 1969 milri
744 1907 856 1988 quidam
877 1909 978 1971 544414.
998 1904 1002 1991 Ι
1021 1941 1063 1953 -
1086 1907 1176 1971 Immo
1197 1908 1274 1980 milri.
1298 1943 1342 1952 -

165 1995 240 2056 latua
261 1996 404 2064 mavelim,
427 1993 476 2053 ubi
501 1991 678 2071 Spengelius
701 1992 809 2069 (Plaut.
832 2012 860 2071 p.
877 1993 930 2067 57)
953 1996 1038 2055 immo
1060 1995 1132 2056 milri
1151 1993 1343 2073 pronuntiari

165 2081 242 2153 vult3
275 2077 364 2138 Mero.
389 2078 417 2150 4,
442 2081 470 2146 3,
495 2077 550 2138 33:
584 2095 643 2138 444
669 2087 701 2138 to
722 2081 784 2150 acis,
811 2096 883 2158 9444
909 2083 945 2140 sit
974 2077 1052 2140 illo?
1071 2079 1076 2152 Ι
1095 2113 1137 2133 —e
1159 2077 1250 2140 144444
1283 2083 1344 2141 iona

164 2169 235 2239 acio;
265 2164 347 2225 Trio.
371 2163 401 2232 3,
424 2161 453 2230 3,
476 2163 532 2224 61:
563 2165 679 2242 94144444·
702 2165 814 2240 4194444
841 2181 931 2226 nosse.
957 2160 961 2244 Ι
985 2197 1027 2209 -
1053 2164 1209 2226 31444414
1242 2162 1342 2227 loces?

165 2268 344 2330 quamquam
378 2249 462 2310 illaec
496 2256 525 2308 et
550 2251 660 2309 44441444
689 2247 825 2308 facillime
847 2255 1044 2328 reponuntor.
1067 2283 1109 2294 —
1131 2249 1342 2312 Detrahendus

165 2344 264 2397 autem
281 2343 326 2396 est
341 2333 465 2395 Poenuli
481 2351 595 2402 versus,
618 2333 649 2393 in
664 2351 723 2412 quo
739 2336 875 2395 ivriacum
894 2334 1039 2412 Ussingio,
1056 2353 1117 2395 non
1132 2353 1199 2396 cum
1216 2334 1301 2396 libris
1318 2340 1344 2397 ia

165 2421 370 2482 scribendum:
383 2420 474 2481 Poen.
488 2417 517 2489 3,
530 2419 559 2488 3,
573 2417 629 2480 85:
642 2419 813 2498 4449144444
824 2430 1018 2481 contractare.
1030 2419 1163 2491 .—1nis,
1174 2421 1342 2490 1444414444.

250 2506 341 2566 Paulo
369 2507 454 2584 plura
486 2504 616 2582 exempla
646 2522 682 2563 ex
704 2503 881 2582 septenariis
903 2505 1094 2565 adferuntur:
1127 2506 1232 2584 Amph.
1258 2509 1342 2577 5,1,

165 2593 224 2655 57:
240 2637 246 2651 .
263 2637 270 2650 .
289 2591 370 2652 44454
393 2593 493 2669 capito
513 2588 518 2670 Ι
537 2623 578 2632 —
595 2590 633 2652 Bi
652 2580 737 2649 milri!
758 2589 848 2650 Mero.
868 2591 894 2660 1,
911 2588 939 2659 2,
957 2591 1013 2650 71;
1037 2593 1088 2670 poi
1103 2595 1197 2670 941441
1219 2589 1342 2654 arcaea

164 2683 226 2748 Ι-
250 2676 347 2738 Oculis
372 2721 378 2736 .
402 2720 409 2735 .
434 2675 521 2736 Mero.
545 2675 574 2747 5,
598 2672 627 2744 2,
651 2673 706 2733 25:
730 2718 737 2733 .
762 2719 769 2732 .
793 2672 1175 2755 5444441414.Ι-114’44;
1198 2676 1286 2737 Marc.
1311 2679 1342 2751 5,

165 2765 194 2835 2,
211 2762 265 2823 87;
291 2806 297 2819 .
322 2805 329 2820 .
356 2759 486 2821 Charine.
507 2756 510 2842 Ι
530 2758 678 2820 -Brroa
703 2802 709 2816 .
735 2803 741 2816 .
763 2757 851 2819 Mero.
876 2760 904 2829 5,
929 2758 958 2836 2,
985 2757 1060 2821 1134
1084 2804 1091 2819 .
1118 2805 1124 2819 .
1148 2771 1189 2822 441
1211 2765 1340 2824 irato..

169 2845 379 2928 l-lmodo;
403 2844 460 2904 Mil.
478 2845 506 2917 2,
524 2842 552 2916 3,
571 2843 625 2904 32:
649 2852 757 2904 4441444
771 2844 932 2922 calfacere.
952 2844 956 2924 Ι
976 2844 1086 2906 —Hic
1101 2855 1127 2906 14
1143 2851 1298 2927 opperior.
1317 2868 1342 2918 .;

163 2932 321 2994 Muellerus
345 2929 527 2990 intericiebat
548 2932 596 2998 ito,
631 2928 709 3006 quod
731 2936 844 2996 tamen,
867 2945 905 2987 na
926 2928 1043 3006 longius
1066 2931 1218 3009 abeamus,
1250 2934 1342 2995 etiam

165 3019 195 3090 2,
219 3017 248 3087 4,
272 3013 313 3075 42
335 3013 427 3075 abest.
472 3014 565 3074 Poen.
590 3013 617 3082 1,
642 3011 671 3084 2,
696 3012 770 3072 116;
804 3030 912 3084 camus,
940 3031 1007 3074 mco
1026 3033 1174 3092 permane
1196 3014 1201 3096 Ι
1220 3051 1263 3060 -
1285 3019 1343 3099 Ape

163 3107 202 3165 aia
224 3112 256 3162 41
278 3100 354 3162 lubet
377 3144 384 3157 .
408 3143 415 3158 .
439 3098 473 3159 ln
495 3097 639 3159 incisione
662 3114 788 3176 persona
812 3097 998 3158 mutatorio
1021 3100 1068 3159 his
1092 3100 1239 3162 versibus:
1263 3104 1342 3166 Men.

167 3192 193 3250 l.
218 3187 246 3258 2,
271 3184 326 3245 46:
349 3195 375 3246 14
396 3201 519 3256 morare,
543 3183 718 3262 4441494444
741 3181 896 3263 obloquere.
919 3181 922 3263 Ι
943 3217 982 3226 —-
1007 3183 1129 3246 04441444
1150 3188 1273 3266 ecfodito
1286 3209 1344 3269 per

163 3274 265 3342 441444,
290 3269 399 3331 ubido
422 3285 589 3348 94444444
613 3268 772 3328 coniuncto
796 3267 914 3345 cogitari
937 3284 998 3327 non
1023 3269 1117 3331 debet.
1152 3270 1231 3333 Men.
1255 3275 1285 3345 5,
1311 3275 1342 3345 2,

166 3359 244 3419 1154
279 3355 369 3416 miliia
396 3357 474 3433 equis
500 3349 845 3431 1444144441444431-
869 3353 1060 3430 1444194114
1084 3356 1193 3426 denum
1225 3357 1286 3420 llil.
1310 3363 1341 3433 4,

166 3444 195 3517 8,
219 3442 269 3512 20,
303 3441 339 3500 dc
369 3457 427 3517 quo
449 3443 485 3499 ci.
516 3455 595 3516 supr.
621 3434 916 3511 4413241112.
961 3437 1043 3498 Pers.
1067 3443 1096 3512 4,
1120 3440 1150 3512 3,
1173 3443 1232 3503 47:
1267 3464 1342 3523 94444

164 3534 247 3591 istaec
270 3523 401 3602 lucrifica
422 3533 462 3584 441
484 3520 635 3584 Fortuna?
655 3519 659 3602 Ι
678 3556 720 3567 -
742 3520 822 3593 14144,
851 3540 922 3600 quoa
941 3535 1059 3593 4444441,
1081 3543 1169 3607 4494,
1201 3530 1244 3589 sio
1266 3533 1341 3592 Am-

164 3612 335 3679 brosianus3
370 3608 492 3668 Palatini
516 3616 716 3686 transponunt
742 3608 863 3686 [4414444
893 3606 1021 3686 lucrifica
1047 3620 1094 3670 441.
1141 3611 1231 3673 Poen.
1258 3617 1286 3685 1,
1310 3615 1341 3689 2,

165 3699 241 3761 10οε
271 3704 300 3757 41
332 3711 381 3773 494
411 3711 475 3754 omo
505 3692 587 3754 14444.
609 3692 707 3752 —At
733 3710 782 3771 494
810 3709 867 3752 eoae
895 3702 922 3752 41
950 3692 1050 3753 tibere.
1071 3691 1136 3771 Ι-
1158 3696 1220 3760 Eleo
1241 3708 1275 3760 tu
1297 3745 1305 3761 .
1333 3747 1341 3762 .

165 3781 380 3863 (spernendum
404 3778 520 3838 videtur
542 3778 619 3855 quod
643 3778 674 3836 in
697 3776 849 3855 Rescripta
879 3783 925 3835 441
951 3777 1080 3852 444454);
1114 3779 1201 3843 Truc.
1226 3785 1256 3857 5,
1281 3786 1340 3850 29;

166 3880 196 3932 ot
218 3885 266 3948 494
288 3865 325 3926 od
348 3874 373 3924 14
395 3862 480 3931 ibam,
502 3879 566 3921 4444
589 3860 699 3923 delicio.
719 3859 723 3940 Ι
742 3895 784 3903 -
799 3858 901 3920 Hercle
921 3858 1013 3921 44443
1027 3895 1069 3904 -
1083 3862 1176 3926 Serio.
1193 3903 1232 3910 -
1250 3869 1341 3933 Dubii

165 3972 231 4016 4444
255 3966 424 4031 possumus,
459 3964 530 4006 num
554 3946 608 4006 hos
630 3945 815 4023 septenarios
843 3945 1058 4006 adscribamus:
1091 3947 1150 4008 Mil.
1174 3954 1203 4025 4,
1227 3952 1257 4024 8,
1280 3957 1340 4019 47:

165 4036 255 4099 multo
277 4051 362 4116 94444
381 4029 386 4113 Ι
406 4032 458 4094 olii
479 4030 595 4092 14544144
616 4048 681 4091 esse.
702 4026 707 4108 Ι
726 4062 768 4072 -
782 4028 863 4089 Halae
884 4032 1011 4090 44444444
1033 4030 1155 4107 544449
1178 4056 1247 4099 cum
1270 4041 1341 4105 libri

165 4124 284 4184 tradant
304 4120 391 4181 144544
415 4117 520 4178 bonum
540 4118 678 4185 ocimum,
712 4113 782 4191 poni
813 4122 910 4191 polest
936 4113 1035 4175 545414
1064 4116 1169 4182 bonum
1190 4127 1341 4200 antinum

165 4208 217 4270 sed
246 4206 309 4267 vide
332 4204 416 4284 Epid.
439 4203 468 4273 4,
492 4201 522 4270 2,
545 4198 595 4259 31.
636 4197 720 4258 Most.
743 4200 773 4266 5,
798 4199 825 4270 1,
849 4195 903 4257 35;
937 4198 1187 4266 4444444441-
1210 4209 1273 4272 Elio
1300 4231 1342 4275 aaa

167 4296 280 4374 4494441
301 4290 357 4352 silai
370 4289 469 4351 1141444
483 4294 641 4365 arpentum,
665 4280 799 4344 45444443
821 4281 909 4342 Ρ444.
929 4283 954 4353 1,
971 4280 999 4378 2,
1018 4283 1092 4346 134;
1117 4289 1220 4354 bellule
1234 4295 1339 4359 1444414.

187 4377 253 4462 Ι-
275 4375 291 4437 l
311 4376 481 4437 4444441414
502 4386 669 4434 4444444444
690 4367 798 4428 molum
821 4384 951 4441 4444444,
984 4386 1016 4429 m
1044 4371 1100 4433 hoo
1121 4393 1210 4440 versu
1234 4399 1339 4446 vocem
