2856 4904
675 39 894 90 ...22-

211 253 215 259 -
286 206 360 272 Guot
382 205 559 288 praepositio
581 205 611 269 io
635 206 779 269 tredecim
803 206 938 270 versihus
969 206 1082 287 integra
1107 215 1225 270 manet:
1259 209 1369 290 Amph.

201 295 229 370 1,
255 295 283 369 1,
306 291 385 356 245:
408 295 459 374 qui
479 310 542 355 oum
563 287 568 372 Ι
587 290 792 373 Amphitruone
814 293 878 357 hice
900 312 960 356 uno
980 288 1112 376 liveram
1132 289 1187 376 liu
1201 301 1371 368 coercitum,

199 400 289 462 quem
313 397 431 442 versum
456 378 560 459 corrigi
584 395 642 440 non
664 397 752 459 posse
775 379 915 442 Goetaius
938 379 1030 442 libere
1052 381 1217 460 profitetur.
1265 382 1371 463 Neque

201 486 269 530 vero
293 485 357 529 eam
381 464 419 526 ob
442 482 560 526 oausam
584 464 718 544 spurium
741 485 808 528 eum
825 464 975 538 existim03
998 465 1089 527 immo
1105 476 1166 528 tam
1183 468 1256 529 alter
1272 468 1371 531 hiatus

198 553 229 617 in
252 551 405 620 incisione,
436 569 524 630 quam
547 550 654 611 tertius
676 560 744 632 post
767 551 907 614 creticum
932 552 1104 614 vocabulum
1134 554 1229 614 laetus
1251 555 1370 616 veniam

200 639 361 721 legitimam
395 634 504 709 habet;
537 655 564 696 v.
598 635 666 697 inlr.
702 638 836 700 Sentent.
871 648 966 700 contr.
996 637 1023 712 l;
1058 639 1095 698 cl.
1131 639 1238 718 Speng.
1275 640 1371 701 Plaut.

199 745 227 807 p.
254 721 332 799 1783
355 721 461 784 Luchs
485 720 517 783 in
541 721 674 783 Studem.
700 723 785 785 Stud.
809 724 830 783 1.
855 725 866 783 1
894 743 923 804 p.
947 721 987 784 22
1010 743 1052 803 sq.
1076 724 1183 804 Amph.
1210 726 1236 798 l,
1261 725 1290 797 2,
1315 725 1372 787 36;

199 829 263 877 oret
283 807 287 889 Ι
307 809 462 873 Alcumena
481 805 486 890 Ι
505 813 767 881 accrementum
790 809 826 870 ol.
850 809 988 872 Fleckeis.
1006 810 1110 871 Annal.
1127 810 1163 871 61
1191 830 1220 891 p.
1244 810 1285 871 52
1308 831 1372 892 sq.;

199 897 313 961 Bitsch.
343 894 451 975 Opusc.
481 893 551 974 phil.
583 893 620 955 lll
643 894 735 975 (Lips.
761 893 857 972 1877)
880 915 906 975 p.
941 895 1000 957 125
1024 914 1067 976 sq.
1103 895 1182 957 Asin.
1207 897 1235 968 2,
1259 895 1289 966 2,
1314 897 1372 958 66:

199 985 331 1046 animum
353 980 479 1053 odeorte,
512 990 545 1040 ut
579 998 665 1062 nepae
687 999 797 1043 mecum
816 977 820 1063 Ι
839 982 907 1044 hoec
928 985 1010 1044 edos.
1034 1016 1071 1024 »
1098 980 1194 1043 Taceo.
1219 1017 1257 1024 ψ
1282 982 1374 1059 Bene,

199 1067 304 1131 Baooh.
327 1067 357 1140 4,
381 1067 410 1137 4,
435 1067 469 1127 5:
493 1069 604 1147 quitum
623 1066 628 1146 Ι
648 1082 696 1147 epo
719 1067 790 1139 heho,
812 1071 926 1148 quicum
945 1064 949 1149 Ι
968 1068 1020 1129 edo
1042 1078 1068 1129 et
1090 1085 1162 1138 omo,
1194 1068 1243 1146 qui
1266 1087 1373 1130 versus

201 1174 236 1218 ex
258 1153 377 1216 duobus
400 1151 536 1230 tripudiis
558 1151 714 1214 trochaicis
738 1153 917 1214 catalecticis
940 1160 1076 1215 constare
1100 1153 1174 1215 mihi
1189 1154 1313 1226 videtur,
1338 1163 1374 1216 ut

200 1247 284 1304 antea
307 1257 385 1301 ouon
407 1242 519 1300 omenti
538 1255 597 1311 ero,
630 1237 692 1318 filio
713 1242 788 1300 secu
810 1247 841 1300 et
863 1238 1001 1302 callidum
1024 1257 1118 1300 senem
1144 1239 1256 1302 collidet
1285 1241 1375 1315 doliu

203 1324 381 1391 Ritschelius
406 1321 582 1404 Spengelius
606 1323 656 1395 (de
681 1324 796 1385 emend.
821 1334 906 1386 metr.
932 1344 960 1404 p.
984 1325 1037 1398 951
1061 1343 1115 1405 pro
1140 1324 1266 1388 dimetro
1296 1327 1374 1388 iam-

202 1410 267 1475 hico
301 1417 492 1491 aeceperunt.
536 1407 639 1469 Bacch.
664 1410 693 1480 4,
725 1410 753 1482 4,
784 1411 839 1470 11:
872 1409 1010 1490 improbis
1043 1429 1106 1472 erem
1127 1407 1132 1491 Ι
1150 1413 1296 1491 improbos
1327 1415 1374 1487 sit,

202 1499 338 1580 horpopet
363 1490 466 1577 (cum)
490 1492 623 1574 laddum
657 1513 745 1573 quern
775 1513 894 1557 versum
923 1495 1014 1558 liBros
1044 1496 1135 1559 secuti
1166 1505 1374 1560 tetrametrum

201 1583 356 1654 creticum,
379 1599 440 1643 non
464 1579 644 1641 trochaicum
661 1579 837 1659 intellegunt
852 1581 1028 1663 Spengelius
1043 1582 1086 1643 Pl.
1102 1601 1131 1662 p.
1152 1581 1221 1654 162,
1245 1583 1374 1645 Weisius

202 1670 255 1746 tue
277 1668 381 1730 Bacch.
406 1666 449 1727 Pl.
472 1671 623 1726 retractat.
646 1683 720 1744 quae
742 1665 838 1727 fertur
861 1666 925 1728 Ber.
953 1665 1033 1729 1883
1057 1686 1084 1747 p.
1109 1667 1150 1728 45
1167 1666 1258 1746 adm).
1290 1669 1371 1750 Capt.

206 1756 232 1828 1,
259 1756 286 1826 1,
310 1754 366 1814 25:
400 1755 442 1813 ito
464 1769 541 1813 nune
573 1749 740 1830 deiliperont
761 1752 854 1813 Aetoii
874 1770 938 1813 cum
957 1749 961 1832 Ι
981 1751 1072 1826 Alet's3
1094 1761 1182 1833 atque
1204 1754 1251 1815 hic
1274 1755 1372 1816 hiatus

202 1859 235 1902 ea
257 1858 290 1900 re
311 1839 455 1909 firmatur,
479 1835 558 1915 quod
581 1835 614 1896 in
636 1836 758 1915 prologo
782 1835 820 1915 (v.
837 1835 892 1916 24)
915 1855 1036 1916 prorsus
1060 1839 1163 1900 eodem
1187 1840 1275 1900 modo
1299 1841 1373 1920 legi-

202 1942 269 1987 mus
287 1933 352 2004 poet
375 1941 459 2004 potem
481 1920 649 2001 delliperont
669 1921 761 1984 Aetoli
780 1940 846 1983 eum
865 1919 869 2003 Ι
889 1921 973 1984 tuo.
1004 1923 1084 2003 Capt
1109 1922 1138 1997 2,
1163 1924 1193 1998 3,
1208 1924 1264 1986 35:
1289 1926 1373 1989 dicito

200 2012 287 2092 patri,
316 2024 370 2090 quo
389 2015 473 2088 poeto
495 2007 568 2069 mihi
588 2025 652 2069 cum
674 2004 746 2087 lhoc
774 2012 949 2081 couverterit,
983 2007 1069 2071 Mero.
1093 2008 1122 2083 2,
1146 2009 1174 2081 3,
1201 2012 1275 2071 114:
1307 2023 1374 2092 post

201 2105 297 2160 cutem
330 2095 499 2156 communiet
526 2091 578 2156 illo
606 2092 677 2154 mihi
703 2090 790 2169 euml
810 2093 886 2169 olio;
918 2097 968 2175 qui
993 2098 1065 2169 ecio;
1098 2094 1185 2157 Mero.
1210 2098 1238 2166 5,
1262 2096 1291 2169 2,
1316 2097 1372 2159 27;

203 2181 269 2264 quid
291 2198 335 2242 me
358 2176 461 2240 coitio?
476 2212 516 2224 —-
532 2176 579 2240 lre
601 2187 701 2240 tecum.
721 2175 727 2260 Ι
745 2214 788 2222 --
802 2177 900 2242 illium
922 2184 1048 2243 comitem
1070 2186 1210 2262 quoem'te3
1231 2181 1319 2242 Most.
1344 2185 1373 2256 2,

205 2269 233 2339 1,
257 2266 312 2328 45:
335 2264 387 2328 uhi
407 2282 464 2345 epo
477 2261 548 2326 ero?
568 2261 572 2347 Ι
592 2297 633 2308 -
651 2265 708 2328 titt
725 2283 861 2328 monuere
883 2285 941 2329 ease
962 2270 1013 2338 aes,
1037 2286 1102 2329 cum
1121 2266 1125 2348 Ι
1144 2268 1206 2341 hoc,
1221 2271 1375 2331 eum'istoc

204 2357 277 2430 crit,
298 2350 383 2412 Most.
408 2350 438 2421 4,
463 2349 492 2424 3,
515 2349 570 2412 433
594 2351 662 2432 quid
683 2348 750 2414 visi
769 2386 810 2396 -
826 2349 845 2412 l
862 2371 980 2425 meeum,
1001 2349 1006 2434 Ι
1025 2352 1146 2426 oheecro,
1168 2350 1172 2435 Ι
1191 2372 1251 2416 uteo
1272 2354 1374 2428 nimuh

205 2438 297 2502 Stich.
321 2437 350 2509 2,
374 2435 404 2509 2,
427 2434 483 2499 63;
514 2447 576 2517 poet
599 2447 695 2500 cotem
716 2437 834 2500 edocuit
851 2441 996 2518 parasitos
1016 2457 1120 2501 seeum.
1141 2437 1145 2511 Ι
1165 2473 1205 2483 -
1228 2439 1272 2513 Bi,
1297 2444 1378 2519 perii

204 2527 305 2598 misem
329 2523 371 2584 sic
393 2540 460 2584 curn
483 2521 680 2584 hmhrosiano
702 2522 888 2584 Ritschelius.
919 2522 1010 2583 Stich.
1028 2523 1057 2596 5,
1081 2525 1109 2596 4,
1133 2527 1189 2587 51:
1213 2534 1304 2586 tecum
1326 2527 1379 2588 uhi

205 2619 336 2682 autemst,
367 2625 477 2669 mecum
495 2606 500 2685 Ι
518 2608 655 2669 itidemst:
686 2617 785 2670 muter
807 2611 906 2670 neutri
923 2604 927 2689 Ι
946 2608 1060 2669 decidet.
1083 2642 1118 2651 —
1147 2612 1212 2672 Huc
1234 2611 1375 2673 accedere

205 2703 334 2776 possunt
356 2711 390 2754 ex
412 2691 594 2755 Truculento
618 2711 644 2750 v.
661 2690 690 2765 3,
707 2693 736 2764 2,
758 2691 814 2753 2οτ
837 2693 973 2758 reducem
995 2693 1102 2767 hulleto,
1125 2705 1158 2757 ut
1179 2715 1288 2758 cecum
1302 2696 1376 2759 hooc

207 2782 404 2852 anctoritatem
434 2778 463 2851 5,
486 2777 544 2836 44:
572 2796 650 2839 nune
672 2781 699 2839 ei
718 2779 792 2841 hone
813 2787 906 2840 tecum
928 2799 985 2843 esse
1008 2799 1105 2860 operm
1128 2828 1134 2842 .
1158 2825 1178 2851 .,
1200 2782 1250 2845 ubi
1274 2790 1376 2844 tamen

207 2884 267 2945 non
291 2864 389 2927 minus
412 2881 480 2925 vere
503 2870 570 2943 post
591 2863 688 2927 hodeto
711 2873 742 2926 et
764 2872 832 2945 post
852 2868 879 2926 si
899 2863 942 2945 (v.
966 2885 1032 2945 sup.
1056 2884 1117 2946 oap.
1135 2867 1157 2926 l.
1175 2872 1192 2943 p
1210 2868 1243 2947 2)
1265 2868 1374 2930 hiatur.

207 2950 408 3013 -Eundem
438 2957 537 3011 autem
568 2957 636 3029 post
664 2968 728 3011 cum
750 2950 861 3011 hiatum
885 2986 924 2994 -
948 2958 982 3012 ut
1011 2951 1047 3012 de
1070 2951 1174 3013 Bacch.
1198 2954 1228 3026 4,
1253 2956 1279 3025 1,
1303 2954 1322 3014 5
1347 2964 1377 3016 et

208 3038 293 3099 Cure.
318 3037 346 3109 1,
371 3037 399 3111 1,
423 3033 442 3096 2
466 3043 579 3097 taceam
602 3068 643 3080 -
666 3034 878 3097 Ambrosianus
912 3037 993 3099 solus
1027 3036 1148 3118 praebet
1178 3038 1268 3100 Stich.
1292 3039 1321 3111 4,
1349 3043 1376 3111 1,

211 3124 263 3184 15:
291 3141 353 3204 poc
375 3139 566 3203 commersque
587 3131 627 3183 eet
648 3122 727 3183 vohis
749 3139 868 3183 meeum.
888 3119 893 3204 Ι
912 3123 961 3186 hoe
982 3133 1015 3186 tat
1035 3125 1123 3204 sonito
1145 3135 1178 3186 ut
1199 3128 1316 3205 eopite33
1347 3134 1376 3187 at

207 3214 287 3270 reete
304 3208 428 3271 Palatini
451 3207 567 3270 codices
589 3225 658 3269 uem
680 3207 888 3287 interpositum
912 3209 1033 3271 habent.
1065 3210 1167 3289 Neque
1188 3210 1273 3271 aliter
1296 3210 1376 3272 idem

209 3293 380 3374 Rescriptus
415 3302 492 3355 teste
526 3292 675 3373 Gepperto
710 3292 806 3368 (Stud.
840 3293 933 3355 Plaut.
968 3295 1002 3356 11.
1038 3295 1101 3356 Ber.
1133 3294 1210 3357 1871
1242 3315 1271 3376 p.
1301 3295 1376 3375 331:

209 3379 315 3442 Bacch.
339 3377 369 3452 3,
392 3378 421 3453 3,
445 3377 500 3442 92;
529 3379 631 3441 melius
652 3379 753 3451 multo,
783 3397 827 3441 me
849 3397 958 3461 quoque
980 3398 1039 3442 uuo
1061 3383 1087 3441 si
1107 3399 1171 3442 eum
1190 3379 1195 3463 Ι
1214 3382 1264 3444 hoc
1285 3381 1378 3444 reicie-

210 3483 318 3550 quetes,
346 3465 395 3526 nbi
418 3464 549 3526 editores
571 3482 637 3526 oum
661 3466 767 3528 ceteris
789 3465 840 3528 ttto
864 3474 1073 3547 reposuerunt.

295 3549 384 3612 Paulo
399 3550 493 3613 rarius
513 3550 582 3612 dum
603 3550 634 3611 in
658 3551 733 3612 thesi
758 3552 930 3632 corripitur:
947 3552 1053 3613 Pseud.
1072 3553 1099 3623 1,
1121 3551 1150 3623 3,
1169 3551 1243 3613 102;
1267 3571 1304 3614 eoo
1325 3564 1379 3616 tuo

210 3657 242 3702 re
269 3637 345 3716 [ooo]
375 3646 424 3709 eet,
457 3648 490 3699 ut
522 3652 571 3716 epo
604 3639 736 3698 eramiae.
760 3672 801 3682 -
825 3637 886 3710 Qui
910 3633 1000 3700 dumi
1019 3637 1023 3720 Ι
1042 3672 1083 3680 -
1107 3638 1165 3718 Epo
1194 3639 1286 3700 dicooe
1314 3640 1379 3714 tihi;

211 3725 300 3785 Troo.
327 3723 483 3797 1,1,17:
519 3716 612 3804 demi
637 3720 691 3783 hato
725 3724 794 3785 dum
820 3720 825 3805 Ι
850 3723 920 3785 illuc
952 3732 1011 3786 rete
1043 3728 1144 3793 vortit,
1176 3726 1304 3804 impedit,
1337 3724 1379 3787 sio

213 3808 404 3890 Spengelius3
438 3806 600 3869 Schoellius
623 3824 732 3868 versus·
748 3808 785 3866 17
810 3817 838 3868 et
863 3807 901 3869 18
924 3807 1008 3870 uncis
1036 3809 1165 3887 seclusit,
1200 3809 1250 3889 qui
1276 3819 1379 3872 tamen

213 3896 248 3957 ad
271 3893 497 3956 describendam
520 3891 744 3955 similitudinem
769 3911 892 3974 prorsus
915 3894 1071 3956 necessarii
1087 3902 1166 3956 sunt.
1193 3895 1281 3957 Teuc.
1302 3897 1326 3966 1,
1350 3897 1379 3968 2,

214 3979 252 4039 9:
288 3981 376 4041 oeteis
409 3996 511 4041 eorum
543 3979 634 4058 aliqui
663 3978 789 4040 idculum
819 3983 928 4042 omicoe
955 3997 1043 4060 usque
1074 3981 1188 4061 dpperit.
1219 3981 1288 4042 dum
1311 3979 1383 4062 ttttt

213 4076 318 4147 opunt3
340 4068 376 4125 ci.
401 4063 543 4136 Schmidt,
567 4064 602 4123 de
626 4082 710 4145 pron.
734 4063 811 4125 dem.
837 4084 864 4143 p.
888 4064 929 4126 68
952 4083 995 4144 sq.
1019 4065 1106 4126 Truc.
1131 4068 1159 4136 4,
1183 4067 1212 4137 4,
1237 4065 1291 4127 21;
1321 4072 1378 4128 tri-

214 4151 303 4213 duum
331 4150 381 4212 hoc
407 4150 517 4224 saltem,
553 4150 621 4211 dum
646 4149 761 4231 {aliqui
787 4149 868 4212 milet
897 4151 1129 4215 dreumduoitur.
1174 4153 1285 4214 Eodem
1320 4154 1380 4215 huc
